4852 6186
740 504 1025 598 Monegrapbia
1050 503 1197 592 generis
1223 501 1376 572 Maleas.
1796 511 1870 588 109

242 745 391 831 minus
421 743 653 845 umbrosis,
683 741 918 854 praecipue
948 756 1146 852 tempore
1174 739 1390 824 matutino
1421 755 1464 824 et
1489 743 1741 852 vespertino
1772 745 1869 856 agi·

242 889 324 995 les,
369 919 450 1005 per
487 909 654 978 aestum
690 856 868 976 occulti.
942 886 1152 993 Quamvis
1189 887 1267 974 alis
1307 887 1502 976 destituti
1539 908 1583 975 ot
1618 888 1868 984 abdominis

241 1040 417 1154 pondus
447 1040 668 1126 trahentes
699 1040 887 1155 graviter
914 1037 1150 1143 incedunt,
1192 1035 1312 1125 haud
1343 1037 1466 1124 tarde
1495 1037 1788 1128 nihilominus
1818 1044 1869 1128 in

241 1189 411 1301 plantas
440 1192 597 1294 varias,
628 1189 789 1304 quibus
818 1205 1078 1301 pascuntur,
1109 1204 1360 1303 assurgunt,
1390 1190 1513 1274 tarsis
1544 1187 1743 1276 culmum
1772 1217 1869 1276 am-

240 1341 502 1452 plectentes,
546 1343 679 1453 eique
711 1339 897 1428 calcaria
924 1342 1240 1454 imprimentes.
1314 1339 1437 1426 Tacti
1466 1357 1679 1426 antennas
1708 1340 1877 1458 pedas-=

209 1471 329 1600 ¹que
359 1489 581 1574 attrahunt
611 1507 729 1574 etex
750 1491 970 1594 omnibus,
1000 1489 1256 1602 praesertim
1277 1487 1456 1599 pedum,
1488 1489 1870 1577 articulationibus

242 1635 423 1750 limpida
451 1641 670 1750 promicat
697 1638 881 1753 liquoris
913 1637 1154 1726 olcifcrmis
1185 1633 1299 1742 flavi,
1333 1641 1476 1726 rarius
1500 1639 1650 1746 albidi,
1682 1659 1812 1758 gutta.

357 1787 567 1874 Coiturus
602 1792 653 1874 in
690 1789 881 1876 feminae
922 1789 1102 1878 dorsum
1141 1787 1369 1876 adscendit
1405 1817 1517 1894 mas,
1578 1817 1738 1904 corpus
1776 1793 1870 1880 eius

239 1933 430 2046 pedibus
461 1936 618 2020 enticis
649 1937 930 2048 amplectens,
960 1937 1185 2025 thoracem
1209 1937 1479 2025 mandibulis
1501 1939 1627 2051 quasi
1647 1937 1869 2042 mordens,
2017 2045 2021 2052 q

241 2099 457 2168 antennas
488 2085 696 2170 antennis
726 2086 816 2178 suis
848 2104 1137 2192 contrectans,
1169 2113 1257 2198 quo
1289 2089 1450 2189 evenit,
1479 2089 1631 2199 utqui
1654 2105 1867 2174 antennas
1993 2113 1996 2120 ·

242 2248 401 2346 gerunt
430 2229 579 2328 medio
611 2230 855 2348 angulatas,
900 2233 1113 2320 feminam
1142 2233 1269 2320 freno
1300 2237 1428 2346 quasi
1455 2253 1656 2320 tenentes
1685 2236 1872 2324 videan-

201 2437 205 2444 -
241 2397 324 2466 tur.
397 2379 598 2466 Pluribus
642 2398 743 2491 post
786 2382 953 2466 coitum
1000 2383 1154 2468 diebus
1198 2381 1527 2494 praeterlapsis,
1580 2385 1709 2468 ovula
1745 2385 1895 2470 elon·¹

180 2587 188 2596 -
245 2526 617 2643 gato-cylindrica
648 2559 672 2613 e
703 2526 996 2638 processibus,
1013 2532 1189 2638 ‚quibus
1214 2531 1489 2630 tenebantur,
1515 2531 1710 2614 evadunt
1730 2548 1774 2616 ct
1796 2561 1873 2616 ca·

243 2705 348 2763 vum
384 2703 593 2792 magnum
631 2674 829 2762 medium
867 2675 1006 2760 orarii
1041 2672 1240 2785 implent.
1309 2674 1435 2760 Tunc
1467 2680 1677 2788 temporis
1706 2677 1871 2766 femina

245 2825 431 2914 humum
461 2824 716 2910 solidiorem
746 2822 913 2933 effodit,
944 2841 1104 2910 terram
1128 2822 1316 2936 pedibus
1347 2827 1505 2910 enticis
1537 2853 1703 2914 erasum
1732 2828 1873 2916 abdo-

242 2977 367 3062 mine
387 2972 631 3078 extrudens,
662 2972 794 3058 simul
824 2997 1008 3083 corpore
1040 2988 1154 3058 torto
1178 2971 1352 3058 foveam
1377 2983 1667 3080 concinnans,
1700 3007 1750 3065 ac
1774 3009 1873 3068 sae·

244 3127 345 3237 pius
375 3126 638 3238 proripiens,
668 3141 828 3208 terram
856 3119 1133 3223 cumulatam,
1163 3147 1224 3206 ne
1246 3119 1478 3224 relabatur,
1510 3139 1720 3210 sternens.
1780 3128 1893 3215 Fo·'

242 3301 323 3358 vsa
351 3291 416 3358 sat
442 3271 664 3386 profunde
695 3289 817 3358 eruta
845 3272 1042 3386 prorepit
1078 3299 1128 3355 ac
1166 3271 1309 3356 statim
1339 3263 1580 3355 retrorsum
1609 3298 1760 3361 rursus
1793 3275 1872 3362 de-

242 3419 428 3525 scendit,
458 3439 509 3506 ut
537 3418 775 3506 abdomine
804 3416 993 3506 fundum
1022 3435 1227 3533 tangente
1252 3416 1381 3504 ovula
1405 3416 1609 3530 deponat
1670 3421 1771 3524 Quo
1794 3453 1873 3536 per

245 3567 474 3656 dimidiam
504 3568 595 3656 lere
624 3568 779 3655 horam
811 3586 1009 3682 peracte,
1057 3551 1221 3654 sensim
1259 3567 1531 3656 adscendens
1568 3588 1748 3677 terram,
1786 3603 1872 3686 qur

245 3747 326 3805 ova
355 3736 491 3835 tegat,
538 3716 714 3804 attrahit
743 3735 785 3802 et
813 3719 984 3830 saepius
1020 3718 1253 3829 quiescens
1283 3721 1448 3804 sensim
1485 3717 1657 3808 foveam
1697 3721 1872 3810 claudit.

246 3865 345 3970 Quo
375 3866 492 3954 sacto
524 3867 838 3954 animalculum
868 3865 1142 3952 debilitatum
1171 3895 1264 3952 sese
1296 3868 1439 3980 eripit,
1472 3897 1574 3954 mox
1600 3873 1723 3980 pasci
1750 3874 1873 3957 inci.

245 4020 331 4130 pit,
367 4037 411 4104 et
438 4036 540 4132 post
566 4046 733 4130 paucos
763 4015 856 4102 dies
886 4019 1083 4109 moritur.
1134 4065 1138 4074 ·

359 4167 526 4252 Diebus
558 4168 736 4252 circiter
764 4173 822 4259 24
850 4164 1151 4280 praeterlapsis
1189 4193 1450 4260 numerosae
1480 4173 1751 4279 proveniunt
1779 4170 1871 4258 lar·

244 4345 336 4420 vae,
366 4315 643 4432 longitudine
669 4315 761 4399 fere
789 4316 986 4423 lt-am,
1016 4315 1140 4402 valde
1165 4316 1311 4432 agiles,
1341 4318 1493 4431 nigrae
1523 4333 1597 4402 aut
1619 4317 1870 4406 ochraceae.

246 4463 416 4578 Corpus
440 4467 494 4550 iis
518 4463 784 4580 elongatum,
817 4463 1200 4567 18-articulatum,
1233 4465 1373 4574 capite
1398 4461 1666 4577 triangulari,
1691 4465 1870 4580 reliquis

249 4621 304 4706 12
320 4615 556 4729 segmentis
573 4613 711 4727 magis
727 4609 969 4696 rotundatis
986 4610 1215 4726 depressis,
1247 4611 1540 4698 anterioribus
1562 4613 1703 4698 tribus
1726 4617 1872 4702 utrin-

246 4791 332 4876 que
370 4790 451 4874 par
494 4759 657 4874 pedum
698 4758 938 4846 ferentibus
977 4779 1020 4846 ct
1053 4759 1246 4873 reliquos
1282 4759 1514 4846 latitudine
1552 4765 1869 4875 superantibus.

247 4912 532 5030 Segmentum
563 4928 831 5024 postremum
860 4911 1042 5026 reliquis
1071 4914 1238 5017 minus,
1268 4929 1379 4995 setas
1409 4929 1597 5023 quatuor
1626 4917 1755 5028 gerit,
1796 4917 1872 5000 in-

245 5061 471 5148 termediis
496 5062 782 5177 longioribus.
828 5059 1000 5175 Corpus
1022 5080 1160 5148 totum
1182 5060 1403 5148 fasciculis
1424 5061 1617 5173 pilorum
1641 5063 1871 5151 subtilibus
