4852 6186
543 513 616 591 1⁰0
970 509 1003 584 J.
1032 506 1076 582 F.
1103 501 1259 581 ernr
1283 501 1421 582 rr‘Wss
1449 502 1493 578 F.
1522 487 1729 594 llarcuson,⁸

542 765 587 835 et
615 745 883 851 abdominis;
925 761 1195 859 postremum
1234 743 1435 829 omnium
1472 743 1710 830 maximum
1746 714 2036 830 fasciculatim
2073 744 2167 832 dis·

542 901 727 1012 sipatur,
780 913 906 1010 atque
952 891 1234 1010 genitalibus,
1286 892 1497 976 intestino
1537 909 1580 976 et
1617 895 1814 1004 corporis
1852 894 1970 1004 apici
2009 921 2166 980 nervos

542 1045 803 1161 suppeditat
863 1041 1099 1160 Ganglium
1137 1041 1333 1126 anucum
1371 1060 1559 1152 quatuor
1596 1042 1756 1126 emittit
1790 1069 1935 1128 ramos
1972 1046 2164 1130 minores

543 1193 605 1282 ad·
627 1198 714 1282 eris
743 1212 887 1308 partes
916 1191 1168 1296 inferiores,
1213 1208 1257 1275 et
1285 1189 1396 1276 duos
1425 1189 1619 1274 laterales
1650 1193 1836 1278 maiores
1868 1191 2167 1310 oesophagum

544 1345 853 1460 amplectentes
884 1360 925 1426 et
957 1369 1060 1426 cum
1090 1340 1271 1425 cerebro
1302 1369 1396 1424 sese
1428 1342 1763 1455 coniungentes.
1829 1341 1866 1426 E
1897 1344 2070 1428 cerebri
2098 1342 2166 1430 la·

543 1495 708 1580 teribus
754 1493 1010 1578 exoriuntur
1052 1491 1181 1575 nervi
1224 1491 1362 1603 optici
1403 1491 1650 1594 incrassati,
1710 1507 1753 1574 et
1788 1493 1933 1576 antica
1970 1490 2164 1578 ramulus

543 1633 750 1757 utrinque
795 1637 850 1726 ad
894 1653 1131 1725 antennam
1174 1665 1360 1754 vergens
1407 1655 1450 1721 et
1490 1665 1628 1751 prope
1673 1635 1793 1722 hunc
1830 1638 2023 1724 ramulus
2063 1665 2165 1726 cum

543 1792 719 1908 ganglio
747 1817 986 1876 nervorum
1016 1790 1256 1904 systematis
1286 1789 1466 1901 imparis
1494 1786 1816 1876 intestinelium
1843 1785 2022 1872 frontali
2052 1815 2168 1872 con-

544 1967 699 2045 nexus,
730 1938 1036 2050 ramulumque
1067 1937 1121 2022 ad
1149 1939 1442 2022 instrumenta
1472 1937 1635 2022 cibaria
1665 1936 1894 2048 superiora
1923 1935 2139 2021 emittens.

661 2090 857 2205 Syatema
885 2115 1124 2174 nervorum
1151 2085 1468 2173 intestinalium
1497 2087 1675 2200 duplex:
1711 2111 1808 2198 par,
1839 2113 1871 2168 s.
1901 2083 2093 2189 laterale,
2125 2105 2168 2172 et
2248 2089 2253 2095 ’

543 2238 687 2349 impar
715 2267 747 2321 s.
763 2235 1086 2320 intermedium.
1124 2235 1225 2320 Pars
1254 2235 1518 2320 intermedia
1546 2239 1596 2318 in
1629 2238 1769 2346 capite
1800 2236 1961 2345 incipit
1988 2234 2164 2350 ganglio

468 2457 473 2470 .
543 2381 722 2468 frontali
750 2381 1027 2500 triangulari,
1069 2399 1168 2467 ante
1200 2385 1430 2470 cerebrum
1463 2371 1583 2486 sito‚'
1616 2409 1807 2494 quocum
1837 2382 2004 2466 ramulo
2034 2407 2166 2494 supra

543 2547 783 2616 memorato
822 2533 1134 2615 communicat.
1208 2511 1468 2616 Antrorsum
1506 2529 1717 2645 ganglion
1753 2527 1940 2612 frontale
1975 2528 2163 2615 ramulos

546 2683 703 2764 emittit
733 2678 788 2764 ad
818 2683 906 2764 oris
936 2698 1099 2792 partes,
1136 2669 1374 2766 retrorsum
1405 2708 1591 2766 nervum
1620 2679 1887 2792 simplicem,
1925 2679 2007 2763 sub
2039 2707 2165 2765 cere-

545 2825 625 2913 bro
655 2854 786 2940 supra
817 2827 1116 2943 oesophagum
1144 2831 1194 2913 in
1223 2828 1470 2914 ventriculo
1501 2831 1644 2932 situm,
1675 2829 1864 2914 ramulos
1896 2831 2166 2914 emittentem

547 2992 589 3060 et
624 2979 677 3062 in
708 2977 955 3062 ventriculo
992 2953 1139 3070 antico
1159 2951 1226 3062 in
1263 2977 1479 3076 nodulum
1515 2977 1825 3092 triangularem
1862 2965 2165 3080 incrassatum,

545 3151 568 3206 e
600 3150 688 3236 quo
719 3123 879 3208 ramuli
905 3125 1111 3238 utrinque
1142 3125 1346 3213 evadunt.
1367 3175 1426 3189 -
1455 3127 1557 3210 Pars
1586 3123 1771 3208 lateralis
1792 3127 1962 3236 incipit
1991 3123 2164 3210 duobus

544 3269 735 3375 nodulis,
766 3273 974 3384 utrinque
1003 3300 1141 3384 prope
1172 3272 1470 3386 oesophagum
1499 3273 1605 3374 sitis,
1638 3275 1827 3383 quorum
1849 3275 2043 3358 anterior
2070 3303 2166 3360 ma·

543 3421 631 3526 ior,
663 3438 909 3504 antrorsum
941 3436 983 3502 et
1012 3447 1184 3504 sursum
1212 3448 1399 3505 nervum
1427 3449 1550 3505 ramo
1581 3417 1858 3505 transversali
1889 3449 1989 3505 cum
2021 3448 2163 3510 nervo

542 3571 702 3681 impari
733 3569 1041 3672 coniunctum,
1087 3567 1197 3654 duos
1234 3595 1392 3654 nervos
1426 3567 1623 3686 laterales
1662 3571 2038 3684 posterioremque
2068 3575 2164 3657 sin-

545 3715 696 3833 gulum
727 3716 906 3821 emittit,
950 3745 1039 3831 quo
1077 3748 1122 3804 se
1163 3749 1264 3804 curn
1294 3717 1462 3805 nodulo
1493 3720 1735 3831 posteriore
1764 3721 1937 3806 minore
1970 3723 2163 3807 coniun-

544 3865 617 3978 git,
649 3863 728 3976 qui
755 3863 933 3950 ramulis
962 3869 1209 3956 tenerrimis
1237 3870 1289 3955 in
1314 3865 1553 3955 ventriculi
1574 3864 1849 3978 superficiem
1873 3871 2164 3980 posteriorem

545 4027 587 4098 et
615 3989 836 4098 lateralem
864 4019 1032 4100 transit
1096 4021 1100 4028 '

658 4161 743 4246 Per
775 4177 914 4246 totum
951 4160 1042 4247 fere
1079 4165 1230 4249 orbem
1270 4163 1432 4249 Melois
1471 4188 1609 4280 genus
1647 4164 1892 4277 dispersum
1925 4171 2161 4279 reperitur;

451 4297 454 4304 ’
544 4339 595 4396 ex
624 4287 885 4398 Australasia
916 4310 1069 4417 mode,
1111 4315 1299 4424 Asiaque
1326 4310 1610 4400 meridionali
1639 4330 1683 4397 et
1710 4313 1860 4400 Africa
1883 4313 2029 4402 media
2057 4318 2164 4404 nul·

542 4459 633 4545 lum
654 4459 844 4546 vidimus
867 4464 1106 4574 specimen.
1166 4461 1345 4575 Species
1358 4455 1609 4549 'nonnullae
1631 4466 1815 4576 patriam
1838 4465 2160 4577 amplissimam,

544 4635 580 4692 e.
597 4637 635 4725 g.
663 4635 760 4694 non
789 4608 922 4694 modo
953 4608 1172 4723 Europam
1201 4629 1355 4715 totam,
1403 4611 1481 4696 sed
1510 4615 1640 4696 etiam
1667 4639 1873 4726 magnam
1902 4614 2030 4700 Asiae
2054 4643 2164 4729 per-

542 4775 631 4842 tem
659 4756 869 4862 habitant,
899 4756 1007 4842 aliae
1039 4778 1192 4844 contra
1221 4786 1317 4843 non
1345 4777 1573 4846 transeunt
1601 4761 1772 4845 limites.
1791 4740 2012 4848 arctiores.

658 4903 826 4989 Meloae
853 4904 1111 5017 plerumque
1142 4905 1395 5021 frequenter
1424 4929 1709 4996 occurrunt-a
1731 4913 1875 5022 primo
1896 4939 1999 4998 vere
2022 4939 2160 5027 usque

544 5050 598 5140 ad
618 5051 808 5138 mediam
838 5071 1040 5142 aestatem
1069 5057 1119 5141 in
1148 5061 1274 5173 agris,
1304 5061 1491 5171 pascuis,
1523 5059 1708 5146 collibus
1738 5062 1858 5145 etin
1888 5060 2000 5148 lucis
2030 5065 2159 5150 etiam
