4798 6184
878 539 970 588 neue
1001 517 1210 610 Nepotem.
1307 489 1316 510 ⁴
1782 527 1859 600 333

234 753 442 844 stioribus
463 771 598 869 quam
621 749 790 842 duabus
811 751 983 859 andeis,
1006 780 1118 872 quae
1141 753 1314 868 saepius
1336 753 1499 844 iterum
1519 757 1570 842 in
1595 753 1700 840 duas
1723 751 1861 846 facies

234 921 378 992 sectae
407 921 521 1000 sunt.
585 903 746 994 Vertex
779 901 1118 997 mammillarum
1154 905 1351 1019 primum
1384 905 1553 992 obsitus
1590 905 1691 994 lana
1727 934 1875 1018 parca

235 1053 347 1162 alba,
374 1054 553 1144 tandem
583 1072 886 1142 evanescente.
943 1052 1128 1156 Constet
1156 1051 1267 1140 baec
1296 1053 1421 1164 lana,
1452 1055 1534 1142 sub
1564 1057 1864 1172 microscopio

236 1209 484 1322 composito
507 1206 722 1323 adspecta,
751 1205 833 1294 filis
854 1204 1088 1321 pellucidis
1112 1206 1518 1322 compressiusculis
1541 1210 1731 1321 septatis,
1761 1235 1867 1296 vet·-
2019 1192 2022 1205 ⁸

234 1385 307 1445 sus
346 1359 616 1444 summitates
652 1367 781 1472 saepe
821 1358 1048 1444 contortis.
1126 1357 1283 1446 Aculei
1320 1373 1373 1447 e'x
1408 1357 1550 1446 areola
1586 1356 1865 1448 mammillari
1932 1322 1937 1340 Ι
1993 1365 1995 1368 ’

233 1504 456 1622 prodeunt
484 1515 626 1600 8-11
659 1525 734 1594 aut
764 1515 839 1613 123
881 1508 933 1594 in
970 1505 1076 1594 duas
1113 1509 1249 1594 series
1289 1505 1489 1622 dispositi
1512 1523 1653 1620 'atque
1693 1507 1864 1594 diverso

234 1655 390 1742 aetatis
417 1652 559 1741 stadio
588 1659 678 1742 tam
708 1653 903 1741 diversae
932 1652 1227 1770 longitudine,
1259 1653 1401 1740 forma
1430 1672 1473 1740 et
1498 1653 1658 1760 colore,
1689 1673 1738 1742 ut
1760 1683 1865 1772 spe·

236 1805 351 1891 ciem
381 1802 725 1893 diversissimam
750 1803 951 1892 induant.
985 1802 1038 1890 In
1065 1801 1315 1892 mammillis
1345 1801 1515 1890 scilicet
1544 1805 1864 1893 iunioribus

235 1959 390 2040 omnes
419 1952 469 2039 hi
499 1952 642 2040 aculei
669 1954 782 2040 recti
810 1966 932 2041 sunt:
963 1954 1196 2040 exteriores
1227 1952 1450 2040 breviores
1472 1951 1574 2059 albi,
1604 1955 1729 2066 apice
1753 1979 1866 2068 pur·-

233 2099 653 2217 pureo-spbacelati,
683 2103 916 2190 interiores
944 2071 1494 2216 purpureo-luscescentes
1525 2121 1571 2190 et
1591 2113 1742 2192 versus
1767 2105 1867 2218 api-

83 2225 85 2229 ’
237 2277 335 2336 cem
365 2251 473 2336 item
509 2248 1103 2362 sphacelato-obscuriores;
1146 2251 1295 2365 quoad
1323 2250 1613 2340 directionem
1642 2255 1704 2340 ita
1733 2250 1866 2339 diffe-

235 2415 352 2504 runt,
382 2416 432 2484 ut
461 2400 702 2484 exteriores
732 2401 885 2510 (5-7)
915 2401 1052 2516 magis
1084 2398 1261 2512 oblique
1284 2417 1472 2515 pateant,
1502 2403 1736 2490 interiores
1756 2430 1863 2490 vero

233 2547 398 2633 rectius
429 2549 666 2662 erigantur.
734 2543 973 2664 Dispositio
1004 2563 1150 2633 autem
1181 2545 1340 2634 borum
1370 2548 1625 2642 aculeorum
1653 2553 1714 2640 ita
1738 2577 1867 2636 com·
1999 2585 2003 2590 ·

234 2711 382 2807 parate
412 2711 489 2799 est,
519 2713 567 2782 ut
597 2695 861 2782 exteriorum
891 2693 978 2780 duo
1007 2695 1194 2782 veltres
1223 2697 1275 2781 in
1295 2698 1466 2811 postico
1496 2697 1644 2804 latere,
1673 2727 1790 2786 unus
1815 2702 1867 2786 in

235 2843 405 2948 antico,
449 2842 611 2956 reliqui
645 2843 697 2930 in
733 2860 922 2958 utroque
958 2841 1090 2930 latere
1128 2861 1296 2930 exeant.
1376 2845 1670 2961 Praeterlapso
1716 2847 1864 2962 aliquo

232 2995 446 3105 temporis
468 2993 611 3105 spatio
633 2988 682 3077 hi
707 2985 849 3079 aculei
869 2994 919 3079 in
933 2993 1183 3110 mammillis
1206 2991 1585 3081 adultioribus
1617 3014 1866 3103 curvantur,

234 3157 279 3228 et
308 3137 489 3256 quidem
518 3142 754 3229 interiores
789 3171 923 3256 quam
960 3143 1193 3230 exteriores
1230 3141 1475 3228 evidentius
1483 3167 1496 3248 ;
1541 3143 1720 3232 tandem
1758 3174 1865 3236 vero

233 3292 467 3380 interiores
505 3293 643 3409 magis
680 3293 908 3409 magisque
945 3293 1159 3397 contorti,
1204 3263 1427 3379 adlatam
1462 3293 1580 3378 varia
1619 3291 1866 3383 directione

235 3437 393 3529 deflexi
426 3449 475 3528 et'
504 3441 717 3560 singulari
752 3441 887 3552 modo
925 3443 1043 3530 inter
1078 3473 1125 3529 se
1163 3446 1373 3549 contexti,
1403 3442 1601 3530 habitum
1633 3443 1864 3533 borridum

235 3593 363 3707 stirpi
391 3590 597 3679 induunt.
656 3590 794 3679 Color
823 3591 1078 3679 aculeorum
1107 3610 1215 3680 tunc
1247 3595 1459 3714 grisescit,
1489 3613 1663 3710 praeter
1692 3598 1864 3710 apicem

235 3737 572 3845 luscescentem,
603 3757 731 3854 atque
762 3739 1036 3854 superficies,
1066 3769 1180 3856 quae
1210 3759 1337 3830 antea
1365 3739 1508 3828 nitida
1537 3741 1698 3852 fuerat,
1716 3774 1867 3860 opaca

235 3888 392 3977 evadit.
456 3887 608 3977 Floras
650 3890 700 3976 iu
745 3887 884 3973 axillis
928 3888 1266 3975 mammillarum
1309 3891 1591 4003 superiorum
1629 3891 1866 4004 prodeunt,

235 4066 365 4153 saepe
393 4063 475 4152 per
502 4062 661 4156 zonam
692 4034 952 4121 circularem
976 4034 1191 4149 dispositi,
1219 4034 1426 4151 pollicem
1448 4035 1588 4162 hugis
1621 4058 1741 4127 extus
1766 4071 1868 4132 mu·

235 4188 322 4273 niti
358 4184 459 4301 pilis
496 4177 727 4271 nonnullis
762 4184 873 4298 ipsis
909 4183 1254 4300 {brevioribus
1290 4202 1418 4300 atque
1456 4188 1574 4271 inter
1608 4190 1870 4282 mammillas

236 4332 615 4440 delitescentibus,
652 4350 964 4450 praetereaque
1000 4336 1102 4425 setis
1141 4341 1287 4429 8-12
1324 4333 1602 4424 fililormibus
1642 4337 1868 4428 eburneo-

236 4482 360 4590 albis,
397 4486 523 4598 apice
553 4478 830 4598 spbacelatis,
865 4481 1142 4598 longitudine
1176 4489 1322 4593 variis,
1361 4516 1412 4572 ex
1442 4503 1562 4602 parte
1593 4483 1725 4574 fleres
1755 4490 1868 4614 ad}

237 4635 541 4749 aequantibus.
606 4631 697 4718 Hae
739 4650 855 4718 setae
894 4649 994 4717 ante
1031 4629 1192 4720 florum
1224 4638 1504 4749 eruptionem
1534 4653 1753 4752 tamquam
1785 4670 1869 4754 pe-

81 4854 85 4865 .
235 4783 414 4870 nicillus
443 4781 566 4868 albus
595 4783 646 4866 in
681 4779 822 4867 axillis
856 4779 1164 4894 propullulant.
1222 4783 1373 4870 Flores
1413 4787 1720 4899 campanulati.
1777 4790 1868 4876 Fo-

234 4929 336 5020 liola
365 4939 484 5026 6—ss
512 4929 712 5044 calycina
741 4927 1205 5036 lineari-lanceolata,
1243 4950 1389 5037 acuta,
1429 4931 1708 5049 longitudine
1739 4941 1869 5026 inae-

236 5081 404 5196 qualia,
449 5084 565 5176 5-7
594 5079 734 5168 lineas
771 5078 925 5202 longa,
976 5082 1388 5198 purpureo-fusca,
1422 5087 1628 5202 margine
1665 5093 1870 5178 tenuiore·
