4852 6186
346 1881 476 2012 Inter
505 1928 718 2016 corticem
749 1926 1011 2052 coriarium,
1058 1927 1132 2014 cui
1160 1927 1210 2013 in
1241 1921 1440 2013 caldariis
1469 1925 1716 2042 plantarum
1744 1947 1877 2016 testae

255 2075 429 2188 imponi
459 2073 614 2183 solent,
650 2101 747 2162 uon
774 2099 888 2198 raro,
918 2075 1134 2188 imprimis
1162 2071 1332 2164 vernali
1359 2093 1570 2190 tempore,
1602 2077 1742 2164 oritur
1763 2051 1878 2164 Rhi-
1956 2171 1963 2185 x

252 2219 493 2334 topodium
523 2251 602 2310 seu
630 2221 870 2351 Myceliuur
898 2219 1118 2338 quoddam
1149 2219 1404 2330 candidum,
1434 2197 1747 2337 plumulosum,
1777 2201 1879 2312 ara·

253 2395 365 2456 neae
389 2359 515 2486 operi
536 2371 822 2500 simillimum,
844 2371 975 2490 longe
1000 2369 1170 2485 lateque
1196 2398 1376 2486 serpens
1406 2391 1449 2456 et
1470 2371 1651 2458 frustula
1672 2361 1876 2460 tenuiora
1914 2395 1915 2398 ‘

257 2519 434 2606 corticis
470 2491 668 2638 undique
684 2521 687 2528 ’
703 2515 912 2640 tanquam
930 2517 1044 2610 vvelo
1089 2517 1241 2606 subtili
1284 2518 1551 2606 involvens·
1615 2517 1679 2608 Ex
1714 2518 1877 2608 horum

255 2663 501 2756 floccorum
532 2643 760 2760 connubio
788 2669 938 2787 plures
965 2669 1224 2788 Fungorum
1254 2670 1423 2784 species
1452 2673 1739 2783 proveniuut3
1762 2643 1874 2755 aute

254 2845 411 2904 omnes
447 2836 592 2906 autem
628 2819 836 2936 frequens
874 2823 1069 2942 occurrit
1095 2821 1329 2908 Amanita
1356 2818 1559 2938 virgata
1588 2819 1633 2905 P.
1664 2817 1877 2944 (Ageri-

253 2989 337 3056 'cus
367 2967 439 3079 [V
435 2967 647 3080 olvorzo]
677 2935 938 3092 volvoceus
966 2964 1108 3095 BulL).
1223 3031 1227 3038 .

370 3113 436 3204 Ex
472 3115 629 3203 eodem
665 3085 927 3232 rhizopodio
969 3138 1123 3202 mense
1157 3113 1396 3202 Februario
1437 3118 1545 3202 euni
1576 3121 1689 3210 1820
1726 3115 1874 3246 alium,

248 3285 296 3351 et
324 3264 567 3384 elegantem
597 3294 698 3352 eum
728 3259 962 3384 iimgillum
994 3263 1221 3350 observavi
1248 3259 1555 3420 prodeuntem,
1586 3293 1719 3378 quem
1738 3266 1874 3351 icone

250 3412 511 3504 illustratum
541 3412 616 3498 hic
648 3411 801 3520 offero3
833 3411 969 3499 celeb.
996 3385 1275 3497 Ehrenber
1285 3413 1361 3526 gii
1389 3413 1570 3528 vestigia
1599 3437 1817 3525 premens.

258 3583 266 3590 ·
368 3561 553 3672 Videtur
581 3559 694 3671 mihi
723 3561 903 3678 quidem
925 3579 1170 3649 memoratu
1199 3561 1358 3680 dignus
1386 3563 1467 3646 iste
1498 3559 1726 3677 fungiilus,
1758 3589 1875 3676 quo-

250 3712 372 3798 niam
404 3707 631 3797 evidenter
659 3711 936 3815 demonstret,
965 3705 1251 3798 Sclerotium
1282 3737 1375 3794 csse
1404 3735 1499 3794 nou
1528 3707 1669 3794 solum
1691 3709 1876 3834 Fungo-

251 3884 351 3950 rum
379 3877 663 3986 prototypum
692 3859 1022 3986 imaginarium,
1057 3857 1134 3944 sed
1163 3887 1291 3972 posse
1323 3859 1451 3948 etiam
1482 3889 1506 3944 e
1538 3861 1747 3978 coniugio
1775 3857 1876 3948 rhi-

252 4009 432 4125 zopodii
458 4009 638 4095 illorum
666 4011 807 4114 nasci,
837 4040 876 4096 s1
862 4009 1007 4094 forte
1032 3991 1183 4094 tenera
1206 4011 1528 4125 germinosum
1551 4006 1741 4095 debitam
1765 4039 1876 4096 evo-

251 4161 469 4248 iutionem
499 4178 573 4246 aut
602 4158 832 4245 deficiente
863 4125 1050 4246 humore
1075 4161 1324 4244 necessario
1345 4157 1644 4264 indurescant,
1675 4177 1749 4245 aut
1769 4157 1875 4246 lon-

253 4315 349 4429 gius
380 4340 403 4395 a
433 4308 546 4395 lucis
574 4305 745 4438 influxu
775 4307 943 4396 seclusa
974 4328 1101 4438 atque
1132 4307 1302 4394 defossa
1331 4309 1647 4421 opprimamur.
1718 4309 1872 4421 Neque

252 4463 388 4577 igitur
414 4429 693 4576 Fungorum
709 4451 1007 4547 seminibus
1047 4457 1397 4584 comparabimus
1433 4456 1515 4540 ista
1546 4453 1872 4560 Sclerotiorum,

254 4626 302 4694 ut
335 4609 395 4695 ita
434 4605 599 4713 dicam,
643 4577 929 4716 rancidula,
976 4605 1053 4692 sed
1098 4607 1242 4720 potius
1288 4603 1669 4718 embryonibus
1713 4603 1874 4692 similia

255 4783 349 4840 esse
378 4753 618 4862 statuimus,
648 4757 880 4869 praecipiti
907 4773 1035 4869 partu
1064 4755 1265 4868 abreptis.
1883 4759 1887 4766 '

367 4903 499 4989 Nunc
539 4921 702 5008 autem,
756 4933 859 4990 eum
897 4903 1031 4990 semel
1066 4903 1322 5018 Fungorum
1359 4919 1445 4987 tam
1468 4904 1704 5004 ¹seminum
1740 4927 1873 5017 quam

259 5052 551 5165 embryouum
585 5052 887 5164 appellatione,
919 5081 1023 5140 sane
1048 5056 1101 5140 ab
1125 5053 1193 5139 his
1216 5038 1480 5140 alienissima
1507 5081 1612 5138 usus
1637 5080 1747 5156 sum,
1776 5077 1872 5137 uon
