4798 6184
878 541 970 590 nsuo
1000 519 1209 614 Nopalecn.
1769 526 1843 604 341

217 755 479 874 irregulares
524 753 771 873 dispositae.
845 749 968 842 Lana
1006 751 1273 842 creberrima
1306 748 1521 863 floccosa,
1566 753 1683 864 alba,
1726 760 1847 852 inter

216 905 476 995 mammillas
510 925 600 994 tam
636 902 869 992 adultiores
907 930 1039 1016 quam
1073 903 1294 1010 iuniores,
1333 933 1491 1021 easque
1528 907 1755 996 interdum
1789 910 1845 999 ad

216 1059 428 1152 verticem
456 1057 547 1145 fere
578 1085 717 1172 usque
748 1052 1003 1142 obvolvens.
1071 1053 1229 1142 Areola
1257 1055 1596 1144 mammillarum
1625 1059 1845 1152 verticalis

218 1205 408 1303 obsessa¹
424 1224 489 1292 ast
517 1202 681 1292 aculeis
716 1205 790 1290 vix
823 1201 988 1290 lineam
1023 1200 1170 1318 longis
1205 1199 1537 1292 horizontaliter
1573 1209 1845 1320 patentibus:

217 1373 404 1470 quatuor
434 1356 554 1472 (raro
584 1356 801 1469 quinque)
837 1352 1125 1438 interioribus
1155 1352 1479 1440 robustioribus
1509 1355 1844 1449 careaco-flavis

216 1502 396 1618 tandem
423 1501 651 1590 fusoidulis
680 1500 774 1588 basi
796 1498 1014 1602 nonnihil
1032 1501 1270 1587 incrassati
1295 1498 1635 1612 confluentibus,
1665 1508 1717 1592 in
1740 1536 1847 1596 cru·

218 1655 284 1754 ois
313 1650 499 1738 formam
530 1651 771 1765 dispositis,
809 1650 1099 1734 exterioribus
1128 1647 1267 1735 multo
1296 1649 1495 1763 pluribus
1535 1657 1612 1762 (24
1641 1671 1684 1740 et
1711 1655 1845 1772 ultra)

217 1800 345 1906 albia,
375 1800 457 1888 sub
486 1799 602 1885 lente
633 1795 876 1884 hincinde
906 1796 1094 1902 scabris,
1137 1796 1335 1884 eiusdem
1364 1797 1676 1916 longitudinis,
1713 1804 1847 1918 triplo

215 1949 509 2064 tenuioribus,
543 1945 697 2064 rigidis
727 1964 888 2050 tamen,
924 1947 1087 2058 pariter
1115 1948 1166 2032 in
1194 1943 1470 2034 horizontem
1500 1950 1672 2063 patulis.
1736 1951 1848 2042 Flo-

215 2125 286 2187 res
315 2097 514 2184 eiusdem
544 2095 638 2182 fare
669 2094 986 2213 magnitudinis
1015 2123 1067 2180 ac
1096 2093 1523 2210 Mepstaetemes,
1554 2101 1672 2186 iuter
1699 2131 1848 2192 mam·

215 2247 355 2354 milles
385 2250 634 2362 superiores
664 2244 773 2332 hinc
803 2243 909 2331 inde
939 2243 1267 2356 provenientes,
1288 2243 1473 2357 pulchre
1498 2253 1724 2363 purpurei
1750 2251 1846 2342 Fo-

216 2395 320 2489 liola
351 2396 511 2512 calycis
541 2413 585 2482 et
613 2395 752 2510 petala
782 2393 1040 2498 lanceolata,
1085 2410 1231 2497 acuta,
1276 2389 1388 2480 haec
1427 2394 1843 2524 subhorisontaliter¹

215 2549 410 2662 patentia
438 2562 516 2634 aut
544 2573 740 2634 recurva.
800 2544 994 2628 Stamina
1023 2569 1272 2648 numerosa,
1309 2544 1416 2628 tubo
1445 2546 1591 2658 paullo
1622 2547 1843 2668 longiora;

216 2696 411 2784 antheris
441 2697 597 2785 aureis.
655 2694 819 2810 Stigma
845 2718 1129 2806 purpureum,
1161 2686 1361 2780 antheras
1383 2721 1609 2808 superans,
1637 2699 1690 2786 in
1714 2727 1844 2788 crura

219 2845 464 2964 cylindrica
491 2846 608 2940 4·-5
646 2843 849 2929 divisum.

236 3085 253 3096 -
337 3029 533 3117 ·Cresoit
560 3029 611 3113 in
639 3053 781 3142 regno
809 3001 1060 3111 Mexicano:
1088 3021 1147 3110 L.
1175 3021 1232 3109 Β.
1259 3021 1321 3112 de
1348 3022 1643 3118 Kanoinslez'.

252 3191 255 3196 ’
318 3227 605 3302 vauxxvn.
661 3230 695 3301 1.
719 3225 805 3296 mos
831 3247 853 3296 a
878 3222 987 3294 facte.
1013 3227 1078 3299 a.
1104 3221 1213 3292 taem
1239 3224 1415 3295 statere.
1469 3233 1506 3302 a.
1524 3231 1559 3303 4.
1578 3213 1843 3332 Mammulae,

234 3381 247 3394 ·
366 3363 499 3437 omnia
524 3385 653 3462 magn.
679 3377 759 3436 nat.
818 3359 1116 3439 &aculeorum
1143 3358 1353 3456 congeries,
1385 3381 1513 3458 magu.
1541 3381 1665 3441 aucta,

460 3675 528 3758 11.
585 3660 918 3750 Ecmsootoros
943 3679 1249 3752 mosourscos.
1305 3653 1408 3748 Tab.
1436 3657 1604 3753 XXVI,
1749 3651 1774 3688 ⁵

328 3880 805 3998 Elplano-convexus,
833 3907 1032 3996 maguus,
1065 3879 1197 3965 costis
1223 3887 1277 3970 16
1299 3876 1626 3990 obtusiusculis,
1654 3879 1709 3974 ad
1731 3917 1843 3980 acu.

213 4033 309 4120 leos
338 4033 638 4150 etnargiuatis;
668 4027 831 4118 aculeis
860 4031 1042 4135 sub-12,
1071 4029 1403 4120 tinterioribus
1426 4034 1692 4142 maioribus3
1713 4068 1843 4126 sum-

213 4211 290 4268 mo
327 4199 370 4266 et
404 4182 496 4266 imo
533 4177 746 4266 nonnihil
783 4175 1031 4283 latioribus,
1079 4173 1260 4288 reliquis
1290 4183 1320 4269 4
1349 4180 1529 4284 anticis,
1578 4187 1840 4298 4posticis;

213 4329 399 4420 floribus
429 4333 699 4444 (purpureis)
730 4347 852 4417 extus
882 4329 1016 4415 dense
1047 4327 1302 4442 squamosis,
1333 4331 1526 4438 squamis
1553 4327 1720 4422 ciliatis.

331 4481 490 4592 Stirps,
524 4495 631 4564 testa
659 4478 708 4562 h
737 4477 784 4562 B.
814 4476 867 4562 de
898 4475 1181 4581 Karvvinslti‚
1219 4473 1442 4560 interdum
1470 4476 1839 4597 insesquipeda-

213 4631 300 4717 lem
331 4628 590 4714 diametrum
621 4653 895 4713 excrescens.
951 4623 1084 4730 Quod
1112 4623 1242 4710 borto
1269 4637 1421 4710 nostro
1444 4629 1621 4714 miserat
1641 4632 1717 4718 ille
1739 4635 1838 4724 lau-

213 4797 282 4865 tor
310 4773 540 4888 exemplar,
568 4771 798 4860 latitudine
828 4775 1014 4862 naturali
1044 4773 1281 4890 depictum,
1312 4800 1436 4860 nunc
1461 4796 1722 4889 emortuum,
1754 4815 1839 4872 eo.

214 4945 300 5014 stas
340 4924 572 5014 exhibebat
612 4923 931 5016 meretricales
974 4924 1103 5013 dorso
1149 4924 1468 5010 obtusiusculas
1515 4927 1567 5013 ad
1614 4959 1837 5049 quamque

215 5076 469 5164 aculeorum
500 5076 769 5192 congeriem,
798 5072 947 5189 quales
977 5079 1172 5167 4-6'nas
1200 5072 1380 5176 ferebat,
1408 5075 1619 5164 nonnihil
1646 5087 1837 5200 emargi-
