4852 6186
771 537 1058 632 Monograplria
1082 538 1229 627 gazeras
1255 537 1407 633 lissinis·
1823 544 1899 625 106

272 787 527 886 angustato,
572 771 802 858 tuberculo
841 769 1094 887 spinilormi
1138 773 1367 859 instructo.
1453 769 1722 858 Metathorax
1767 803 1898 888 supra

277 919 580 1028 brevissimum
626 921 896 1036 Parapleuris
932 922 1015 1006 sub
1045 920 1283 1036 elytrorum
1312 921 1511 1037 margine
1539 919 1702 1008 inflexo
1732 949 1899 1011 recon-

276 1066 397 1174 ditis,
436 1072 783 1186 angustioribus,
819 1071 1297 1185 subparallalepipedis3
1340 1069 1602 1161 Metasterno
1620 1058 1899 1181 (Mesosthe-

275 1218 339 1303 tio
371 1217 517 1334 Kirby
546 1237 589 1303 et
620 1219 811 1333 Spence)
841 1239 1112 1306 mesostcrno
1143 1221 1280 1307 multo
1310 1223 1456 1306 minus
1486 1205 1795 1334 prominente,
1816 1249 1899 1334 ap-

275 1393 445 1479 presso,
490 1370 635 1452 anticc
665 1397 769 1452 cum
798 1388 1070 1456 mesosterno
1100 1389 1217 1460 arcte
1250 1373 1513 1475 coniuncto,
1557 1371 1652 1457 basi
1689 1369 1896 1482 utrinque

275 1539 355 1628 pro
388 1541 596 1602 coxarum
624 1515 869 1604 mediarum
899 1518 1133 1602 acetabulis
1165 1521 1445 1636 emarginato‚
1475 1518 1683 1606 lateribus
1705 1516 1898 1624 dilatato,

268 1666 400 1778 apice
436 1667 630 1768 sinuata,
672 1662 820 1751 medio
857 1669 908 1751 in
944 1695 1134 1774 acumen
1170 1666 1393 1752 interdum
1432 1670 1752 1784 emarginatum
1787 1694 1898 1779 pro-

274 1812 430 1900 ducto:
461 1818 665 1900 acumine
692 1818 936 1904 introrsum
965 1813 1148 1919 reflexo,
1179 1833 1221 1900 et
1248 1817 1299 1900 in
1328 1841 1584 1926 processum
1613 1813 1797 1930 longum
1826 1833 1897 1905 te-

272 1987 423 2066 nuem,
453 1961 560 2045 inde
584 1991 609 2048 a
639 1961 785 2046 medio
816 1961 1013 2066 bifidum,
1043 1963 1209 2050 litterae
1232 1962 1273 2047 Y
1297 1978 1570 2078 aequantem,
1600 1989 1682 2077 pro
1712 1989 1897 2060 sausou-

274 2105 421 2194 torum
450 2107 693 2192 insertione
722 2107 996 2224 prolongato.
1033 2107 1076 2222 *j

388 2247 535 2363 Elytra
566 2249 836 2356 abbreviata,
873 2251 1042 2356 mollia,
1080 2251 1175 2340 basi
1203 2253 1385 2341 alterum
1415 2253 1547 2341 altero
1575 2255 1894 2362 incumbentia,

273 2402 362 2487 iam
390 2397 564 2487 laeuum
587 2397 751 2505 dextro,
779 2403 869 2486 iam
892 2398 1092 2486 dextrum
1114 2401 1260 2507 laev03
1289 2404 1461 2515 apicem
1483 2428 1633 2491 versus
1656 2402 1896 2498 dehiscen-
1961 2389 1982 2524 Ἰ

272 2552 354 2660 tia,
383 2552 507 2665 apice
538 2549 794 2656 rotundato,
830 2552 1030 2669 margine
1058 2550 1227 2640 laterali
1254 2549 1417 2640 inflexo
1446 2533 1636 2664 pecturis
1665 2552 1798 2650 latera
1819 2572 1895 2652 ‘ta-
1964 2603 1970 2610 ·

271 2719 423 2817 gantc;
457 2703 713 2815 saepissime
738 2703 1154 2822 cariacae-rugosa.

387 2851 491 2936 Alae
523 2852 709 2936 omnino
738 2849 899 2937 nullas.

388 2997 521 3083 Pedes
551 3002 700 3116 magis
718 3003 922 3088 minusve
950 2997 1097 3104 validi,
1127 2999 1306 3109 punctis
1334 2997 1530 3115 piligsris
1555 3000 1895 3116 impressim-

272 3147 337 3230 xis
365 3146 707 3261 subcylindricis
745 3146 915 3251 liberis,
956 3144 1309 3231 trochanteribus
1339 3145 1520 3258 oblique
1549 3151 1785 3254 truncatis,
1823 3149 1896 3237 ia-
1951 3165 1953 3172 '

273 3296 469 3380 moribus
507 3311 624 3380 arcte
661 3292 819 3398 affixis;
863 3293 934 3378 his
970 3296 1233 3407 compressis
1269 3296 1420 3397 rantis,
1465 3295 1585 3384 tibiis
1618 3295 1892 3386 subarcuatis

270 3445 525 3554 praesertim
546 3440 719 3547 mediis,
750 3442 876 3555 apice
907 3439 1151 3528 calcaribus
1181 3439 1354 3528 duobus
1382 3441 1569 3543 armatis,
1600 3439 1669 3528 vel
1691 3444 1892 3538 omnium
2002 3423 2008 3430 ’

270 3591 566 3705 simplicibus,
616 3589 689 3678 vel
735 3591 1005 3677 anteriorum
1047 3586 1346 3702 simplicibus,
1399 3590 1669 3701 poeticorum
1713 3589 1890 3694 interno

258 3744 398 3824 etiam
421 3740 629 3850 simplici,
660 3759 839 3823 externo
863 3737 1165 3841 crassiusculo,
1195 3739 1320 3850 apice
1344 3733 1533 3840 dilatatis,
1563 3735 1741 3852 obliqua
1762 3755 1893 3834 trun·

272 3905 382 3974 cato.
470 3888 591 3974 Tarsi
627 3889 868 3974 anteriores
906 3887 1308 4001 quinque-postici
1344 3883 1738 3999 quadriarticulati,
1783 3892 1892 3982 attit-

268 4037 370 4122 culo
409 4037 554 4150 primo
591 4034 815 4154 longiore,
859 4035 1044 4152 reliquis
1064 4035 1426 4151 subaequalibus‚
1473 4037 1891 4148 compressiusculia,

267 4187 434 4275 subtus.
452 4185 630 4274 densius
660 4186 831 4302 pilosis,
865 4191 916 4277 in
944 4213 1063 4276 mare
1092 4186 1317 4276 interdum
1346 4185 1530 4277 dilatatis
1559 4185 1711 4274 subtus
1746 4186 1892 4276 luteu-

338 4649 374 4732 *)
394 4651 460 4714 Hic
480 4661 663 4732 processus,
697 4647 791 4710 acll.
814 4645 917 4731 Kirby
937 4659 972 4709 at
992 4643 1123 4729 Spcnco
1142 4642 1309 4710 Postiurca
1331 4655 1473 4721 vocatus,
1505 4643 1543 4710 in
1564 4641 1718 4710 omnibus
1739 4641 1888 4710 obaem-

393 4782 449 4832 tur
474 4769 670 4852 colcoptris,
700 4766 757 4832 aad
778 4787 838 4850 pro
860 4763 992 4856 familiis
1014 4778 1048 4829 st
1068 4756 1242 4860 genetibus
1263 4763 1370 4828 forma
1391 4761 1529 4829 mirifice
1551 4761 1745 4846 discrepans.
1773 4795 1819 4810 —
1849 4762 1889 4824 Ia

394 4876 491 4972 Lytt‘a
518 4889 704 4951 vesicatoria
730 4885 786 4949 hic
812 4886 965 4948 arficulua
990 4883 1108 4950 itidem
1135 4898 1173 4949 ut
1198 4886 1234 4947 in
1262 4883 1374 4949 Meloii
1394 4883 1628 4974 Proscarabaeo
1651 4893 1712 4951 etc.
1741 4893 1888 4946 constru-

395 5017 465 5068 ctus
487 5017 550 5080 est,
573 5017 703 5087 praeter
725 5001 811 5086 quod
833 5005 868 5066 in
889 5003 1017 5080 medio,
1041 5003 1210 5068 ubifures
1233 5008 1351 5080 oritur,
1376 5003 1527 5082 utrinque
1549 5001 1669 5083 patella
1690 5001 1887 5063 subcircula·

395 5121 436 5182 ris
459 5119 556 5182 affixa
579 5132 636 5183 est.
1412 5183 1417 5198 ,
1507 5175 1509 5180 .

423 5243 564 5298 resurr.
589 5243 652 5298 nt.
1432 5237 1480 5306 14
