4852 6186
566 529 639 604 110
995 525 1027 598 J.
1055 523 1097 598 F.
1125 523 1280 602 anrnr
1305 545 1350 600 rr
1376 523 1442 600 W.
1470 522 1514 596 F.
1544 521 1746 614 Earcnson,

563 778 739 847 tectum.
797 759 891 850 Sub
916 759 1054 848 cauda
1084 761 1138 849 cl.
1150 761 1215 848 De
1232 760 1349 848 Geer
1369 760 1575 875 papillam
1597 761 1854 868 observavit,
1879 762 2099 877 liquorem
2113 767 2186 849 vi·

563 928 1071 1000 scosumsecarnentem.
1130 910 1361 1000 Tarsorum
1376 909 1610 1028 unguiculi
1623 911 1758 998 validi
1773 909 1921 999 trifidi.
1967 910 2028 998 Os
2045 912 2188 1000 larvae

453 1105 459 1118 ·
566 1064 848 1175 componitur
875 1059 998 1150 labro
1027 1063 1113 1150 leto
1145 1091 1326 1181 magno,
1372 1065 1497 1179 apice
1526 1061 1627 1176 pilis
1659 1062 1961 1175 compluribus
1998 1062 2185 1170 obsesso,

563 1209 681 1298 labio
718 1212 840 1298 labro
878 1217 1073 1320 minore,
1117 1215 1168 1300 in
1204 1214 1341 1327 apicis
1378 1210 1526 1297 medio
1566 1210 1678 1324 pilos
1715 1211 1934 1329 singulos,
1978 1214 2187 1325 utrinque

563 1388 669 1445 vero
698 1360 877 1475 palpum
899 1362 1224 1450 biartiouletum
1247 1379 1440 1478 gerente,
1471 1361 1598 1447 cuius
1618 1359 1825 1446 articulus
1842 1363 2043 1473 superior
2058 1379 2189 1446 trun·

566 1527 707 1613 catus,
752 1511 1041 1624 cylindrious,
1087 1511 1378 1600 denticulatus
1407 1527 1492 1615 est;
1536 1508 1642 1593 dein
1676 1507 1943 1594 mandibulis
1981 1507 2188 1595 uncifor-

564 1659 711 1743 mibus
741 1663 901 1768 acutis;
945 1661 1129 1750 maxillis
1159 1660 1483 1778 subquadratis,
1526 1657 1646 1742 intus
1677 1653 1854 1762 cilietis,
1898 1671 2019 1743 extus
2057 1657 2186 1770 palpo

564 1807 846 1894 triarticulato
885 1814 1008 1924 apice
1047 1801 1249 1900 truncato
1285 1810 1520 1897 instructis.
1597 1805 1828 1893 Antennae
1858 1835 1882 1888 o
1910 1805 2188 1919 longioribus

566 1970 610 2035 et
638 1959 924 2067 paucioribus
957 1967 1228 2077 compositae
1259 1958 1471 2062 articulis,
1511 1981 1643 2068 quam
1671 1955 1722 2038 in
1751 1955 1965 2068 imagine,
2003 1953 2187 2038 articulo

564 2102 720 2190 ultimo
752 2125 937 2194 setaceo.
965 2163 1024 2176 -
1053 2113 1201 2198 Tubus
1229 2105 1491 2200 intestinalis
1528 2106 1571 2190 ei
1608 2103 1814 2220 imaginis
1832 2131 1835 2138 ·
1851 2099 2088 2189 admodum
2124 2105 2189 2188 si-

565 2252 702 2360 milis,
740 2257 873 2344 modo
903 2263 1039 2378 magis
1068 2279 1212 2348 rectus
1243 2277 1286 2346 et
1312 2253 1559 2348 ventriculo
1589 2255 1736 2340 minus
1766 2251 1924 2365 amplo.
1994 2251 2188 2364 Systema

564 2426 818 2508 nervorum,
848 2412 974 2494 utin
1006 2410 1331 2524 coleoptrorum
1361 2410 1519 2510 erucis,
1549 2390 1903 2518 pluribus'quam
1923 2405 1974 2487 in
1995 2404 2188 2519 imagine

565 2551 750 2666 gangliis
780 2554 1031 2664 (tredecim)
1062 2560 1377 2666 compositurn;
1408 2551 1639 2636 cerebrum
1662 2552 1817 2634 ceteris
1848 2548 2032 2665 gengliis
2062 2552 2189 2637 simi·

434 2767 438 2776 .
564 2697 671 2806 lius;
702 2705 889 2788 omnino
922 2703 1094 2820 ganglia
1120 2730 1202 2816 pro
1233 2718 1392 2788 statura
1419 2699 1561 2786 larvae
1590 2723 1840 2814 permagna.

681 2849 891 2938 Exclusac
924 2870 1140 2966 quaerunt
1168 2853 1310 2939 larvae
1340 2854 1509 2937 insecta
1536 2848 1733 2961 Apiaria,
1775 2847 1918 2959 iisque
1948 2873 1993 2932 se
2024 2845 2187 2933 adhae-

566 3017 724 3104 rentes,
754 3004 948 3112 primum
976 3005 1090 3088 vitae
1118 3022 1289 3115 tempus
1317 3001 1548 3115 parasitica
1578 3000 1628 3083 in
1658 2994 1931 3082 animalculis
1961 2993 2085 3082 hisce
2113 3022 2188 3081 re-

566 3147 811 3261 periuntur,
842 3153 1058 3265 imprimis
1087 3155 1137 3238 in
1168 3151 1418 3239 abdominis
1448 3149 1690 3234 insertione
1723 3164 2059 3252 commorantes,
2087 3173 2188 3244 sae-

564 3326 621 3410 pe
652 3303 784 3387 etiam
814 3319 945 3415 ceput
972 3304 1088 3388 inter
1118 3301 1366 3387 abdominis
1393 3315 1618 3416 segmenta
1638 3299 1959 3413 immergentes.
2018 3295 2187 3398 Quam-

566 3475 699 3560 quam
743 3449 821 3534 bas
863 3449 1001 3538 larvas
1046 3449 1184 3562 pullas
1226 3467 1422 3538 auctores
1467 3465 1635 3534 veteres
1672 3449 1850 3533 iamiam
1887 3447 2185 3547 observarunt,

566 3615 714 3682 tamen
741 3597 832 3684 huc
861 3626 1000 3714 usque
1030 3599 1406 3714 metamorphosin
1437 3625 1601 3702 earum,
1632 3598 1728 3683 sine
1753 3594 1889 3681 dubio
1909 3612 1974 3680 sat
2000 3594 2187 3680 mirabi-

565 3745 675 3854 lem,
719 3746 945 3860 explorarc
986 3754 1160 3838 nemini
1198 3753 1395 3868 contigit.
1475 3745 1765 3834 Probabiliter
1800 3747 1852 3830 in
1887 3771 2019 3856 epum
2055 3740 2185 3827 nidos
2280 3717 2283 3724 ⁴

566 3891 790 3999 feruntur,
833 3897 1007 4011 ibique,
1051 3918 1098 3987 ut
1131 3901 1425 4015 complurium
1458 3897 1781 4011 coleoptrorum
1812 3894 1974 3997 larvae,
2019 3895 2186 3980 victum
2229 3953 2231 3958 -

566 4047 813 4155 reperiunt,
852 4045 972 4158 quod
1011 4051 1141 4136 etiam
1178 4054 1425 4169 suspicatur
1462 4049 1623 4138 clariss.
1650 4045 1854 4135 Latreille
1889 4045 2021 4160 (Cuv.
2049 4047 2185 4160 regne

445 4243 448 4248 ·
566 4218 635 4278 an.
666 4191 1205 4312 ed.11.T0m.V.p.6o.)·
1714 4199 1717 4206 ⁴
1796 4297 1803 4304 ,

679 4340 819 4429 Larva
854 4347 941 4430 iam
981 4347 1035 4432 ab
1072 4345 1377 4463 Entomologis
1421 4345 1608 4430 maxime
1644 4345 1831 4448 meritis,
1884 4343 2107 4428 Reaumur
2142 4357 2186 4424 et

567 4489 635 4574 De
681 4489 797 4576 Geer
842 4493 1085 4602 observeta3
1142 4495 1284 4583 nihilo
1330 4497 1478 4582 minus
1522 4477 1575 4580 olss
1614 4491 1760 4607 Kirby
1802 4494 1971 4606 proprii
2014 4491 2184 4608 generis

568 4665 622 4721 ex
663 4637 835 4752 Apteris
881 4647 1124 4754 parasiticis
1169 4675 1263 4732 eam
1309 4674 1401 4730 esse
1444 4642 1664 4758 professus
1712 4659 1793 4746 est,
1846 4668 1934 4754 quo
1972 4641 2095 4726 nisus
2131 4637 2185 4722 cl.

566 4783 737 4874 Dul'our
766 4817 931 4875 nomen
964 4789 1308 4909 Triongulinus
1338 4795 1381 4878 ei
1410 4793 1697 4908 nuncupavit.
1735 4788 1910 4902 (Annal.
1925 4787 1967 4878 d.
1985 4789 2084 4874 Soc.
2098 4804 2185 4872 nat

567 4933 683 5020 Xlll.
706 4945 747 5028 9.
769 4937 836 5052 Β.)
907 4939 974 5024 cll.
1004 4940 1264 5053 Lepelletier
1293 4958 1336 5026 et
1365 4941 1565 5046 Serville,
1609 4958 1737 5053 atque
1765 4937 1930 5024 Brandt
1958 4957 2002 5023 et
2029 4937 2186 5023 Ratae·

568 5085 683 5202 burg
711 5102 861 5170 tamen
890 5107 1121 5176 auctorum
1148 5108 1344 5177 veterum
1374 5091 1702 5177 observationes
1734 5085 2062 5176 confirmarunt.
