4798 6184
561 495 639 570 sto
1248 516 1287 571 v.
1314 490 1501 584 Murrius,

557 723 716 814 tudine
744 725 1009 815 intermedii.
1066 727 1188 816 Lena
1216 729 1335 817 inter
1361 693 1911 848 mammillaspropullulat'
1930 733 2040 842 alba,
2067 731 2174 824 floc-

562 905 678 983 cosa,
719 875 923 966 emedio
959 875 1140 967 tandem
1178 907 1379 968 exserens
1416 899 1526 969 setes
1557 886 1773 972 eburneas
1798 856 1929 999 apice
1958 882 2175 1000 sphacela·

559 1045 638 1132 tas,
667 1026 1005 1114 mammillarum
1035 1028 1328 1147 longitudine,
1353 1059 1470 1147 quae
1501 1030 1628 1120 flores
1657 1031 1941 1147 praecedunt.
1999 1031 2058 1121 Hi
2083 1034 2174 1150 ple-

561 1202 749 1288 rumque
778 1178 838 1272 in¹
860 1175 1078 1263 circulum
1108 1178 1326 1292 dispositi,
1358 1181 1487 1278 ¹inter
1515 1184 1763 1294 superiores
1792 1178 2050 1268 mammillas
2076 1209 2177 1296 pro·

562 1324 825 1439 germinant,
855 1322 1161 1442 magnitudine
1185 1321 1341 1412 florum
1366 1323 1441 1412 M.
1457 1325 1714 1443 Mystocis,
1745 1339 1941 1414 attamen
1962 1351 2059 1416 non
2077 1356 2181 1442 pur·

561 1472 691 1584 purei
727 1468 807 1555 sed
840 1473 1013 1560 rubelli.
1076 1472 1251 1590 Calycis
1286 1473 1436 1560 tubus
1455 1476 1631 1562 circiter
1666 1493 1857 1562 setarum
1891 1477 2182 1565 eburnearum

561 1616 855 1737 longitudine,
885 1621 1256 1738 subcylindricus.
1315 1619 1486 1711 Foliola
1509 1621 1708 1738 calyciua
1733 1635 1788 1718 10
1802 1622 1856 1710 ad
1873 1633 1940 1732 16,
1971 1628 2059 1711 ima
2075 1625 2182 1712 tubo

562 1765 654 1855 fere
684 1737 870 1856 omnino
902 1770 1060 1860 adnata
1089 1773 1306 1881 subulata,
1336 1775 1566 1890 sequeutia
1597 1773 1722 1860 altius
1751 1773 1890 1860 bbere
1920 1777 2186 1890 maioraque,

561 1916 1101 2028 lanceolam-acuminata,
1132 1925 1316 2030 arietata,
1342 1925 1640 2042 integerrima,
1671 1924 1765 2012 basi
1785 1921 2190 2016 viridi-flavescen-

536 2069 641 2172 tia,
679 2096 854 2155 sursum
883 2075 1268 2186 purpurascentia;
1310 2075 1537 2188 sequentia
1565 2071 1879 2160 lato-linearia
1909 2085 2057 2178 acute,
2100 2075 2193 2162 uri·

561 2231 683 2323 stata,
714 2217 871 2325 ciliata,
899 2229 1039 2311 'nervo
1067 2222 1217 2309 medio
1247 2224 1510 2338 prominulo.
1528 2248 1751 2339 percursa,
1787 2225 1941 2340 ibique
1969 2252 2195 2340 purpura«-

561 2370 744 2476 scentia,
772 2374 974 2490 margine
998 2372 1155 2480 albida,
1186 2374 1348 2492 glabra,
1379 2378 1545 2462 sensim
1566 2378 1616 2460 in
1640 2373 1781 2488 petala
1802 2369 1971 2468 sub-12
1992 2373 2196 2464 eiusdem

562 2515 748 2636 figurae,
779 2520 857 2607 sed
885 2525 1127 2630 teneriore,
1158 2527 1429 2644 angustiora,
1460 2524 1636 2610 brevius
1666 2525 1858 2630 cristata,
1888 2541 2010 2612 extus
2042 2523 2195 2612 medio

562 2674 943 2784 purpurascentin,
975 2691 1196 2760 caeterum
1226 2692 1270 2760 et
1299 2677 1420 2761 intus
1451 2671 1561 2777 alba,
1590 2671 1876 2785 pluriseriata,
1907 2677 2200 2762 transeuntia.

564 2817 771 2904 Stamina·
790 2816 1086 2925 multiseriata,
1116 2818 1249 2932 duplo
1279 2821 1492 2925 breviora,
1522 2815 1927 2930 flavescenti-albu,
1956 2821 2201 2927 filiformia,

560 2967 614 3052 in
642 2990 735 3052 uno
765 2959 875 3052 flore
909 2973 1005 3058 112.
1062 2965 1285 3052 Antherae
1314 2977 1485 3081 parvae,
1515 2964 1789 3080 sulphureae,
1824 2989 1988 3060 ovatae.
2050 2971 2203 3088 Stylue

566 3111 858 3229 cylindricus,
901 3116 1089 3202 stamina
1117 3115 1266 3230 paullo
1296 3143 1527 3229 superous,
1571 3115 1740 3234 glaber,
1784 3118 1968 3208 albidus.
2030 3121 2206 3242 Stigmr

563 3262 678 3352 lobis
708 3266 825 3359 5÷6
854 3262 1106 3355 linearibus.
1125 3261 1374 3378 sulphureis
1404 3268 1596 3356 tenuiter
1623 3267 1861 3382 papilionis.

709 3443 882 3534 Crescit
908 3444 960 3533 in
990 3469 1128 3564 regno
1160 3443 1412 3578 Mexicano:
1454 3437 1512 3536 L.
1544 3445 1599 3536 Β.
1629 3449 1688 3537 de
1717 3449 2004 3541 Karminslti.
2116 3513 2120 3523 -

669 3657 763 3730 Tab.
790 3656 912 3730 XXII.
965 3657 1170 3758 congeries
1199 3628 1420 3728 aculeorum
1446 3637 1658 3750 iuniorum,
1684 3661 1720 3733 2.
1742 3660 1990 3735 adultiorum.
2050 3665 2089 3736 5.
2121 3663 2209 3735 Flos

719 3793 892 3888 clausus,
943 3793 980 3869 t.
1014 3809 1178 3889 apertus.
1241 3793 1383 3866 Omnia
1414 3794 1686 3890 magnitudine
1720 3799 1898 3872 naturali.
1965 3792 2212 3881 &stamen

717 3937 904 4003 auctum.¹
948 3929 984 4005 6.
1011 3931 1230 4025 Pistillum,
1257 3928 1530 4028 magnitudine
1557 3929 1735 4002 naturali.
1819 3932 1841 3948 ‘'

683 4127 994 4220 Adnotatio.
1052 4125 1120 4219 Ad
1159 4129 1346 4220 eandem
1375 4129 1778 4247 Mammillariarum
1808 4137 2059 4252 sectionem
2104 4167 2216 4226 cum

570 4281 653 4370 hac
685 4297 730 4366 et
757 4277 1141 4398 praecedentibus,
1171 4277 1531 4374 Zuccarz'ninnn
1561 4299 1688 4396 atque
1717 4284 1958 4400 Mystace,
1988 4290 2218 4399 pertinet:

686 4463 1047 4588 Mammillaria
1073 4463 1315 4583 gladiato,
1344 4463 1502 4556 Mart.
1530 4465 1561 4556 l.
1590 4495 1650 4556 c..·
1690 4467 1970 4582 subsimplex,
2002 4471 2221 4582 (tandem

571 4609 856 4731 proliferai);
886 4615 1136 4702 mammillis
1168 4618 1354 4725 conicio,
1385 4615 1576 4706 obsoleto
1606 4617 1833 4734 angulatis,
1864 4616 2030 4705 aculeis
2058 4651 2087 4707 e
2112 4620 2223 4708 luna

574 4791 706 4878 parve
735 4765 872 4872 4-5,
909 4764 1064 4854 infimo
1095 4766 1299 4888 angulato
1332 4764 1706 4854 deflexo-arcuato
1737 4766 2048 4882 subpollicari,
2103 4770 2224 4858 reli-

420 4891 425 4902 *
576 4903 686 5030 quos
708 4917 956 5030 superiores
976 4917 1266 5006 rectiusculos
1285 4920 1418 5034 triplo
1440 4916 1739 5046 quadruplove
1760 4937 2005 5032 superante.
2054 4923 2225 5032 (Non-

577 5063 680 5150 dum
711 5060 890 5178 floruit).
950 5066 1122 5157 Mexico
1151 5073 1302 5183 patria.
1358 5069 1587 5155 Lactescit.
