4852 6186
732 551 1016 646 Moncgrapbia
1041 551 1186 642 'generis
1212 551 1366 629 Meton.
1783 565 1857 648 111

354 784 519 874 Meloas
554 789 675 901 ipsos
712 787 766 872 ab
803 788 993 900 antiquis
1031 786 1285 876 auctoribus
1321 791 1505 876 nomine
1533 787 1857 904 Buprestidum,
1903 789 1910 796 ’

238 936 399 1053 quibus
432 965 616 1050 pecora,
662 938 785 1022 siin
822 938 1018 1053 gramine
1050 936 1244 1024 occultas
1275 965 1345 1024 eas
1377 936 1672 1046 devorassent,
1718 961 1859 1028 morte

239 1086 537 1193 efficerentur,
588 1103 850 1174 memoratos
881 1115 995 1196 esse,
1044 1088 1290 1201 ingenuose
1327 1090 1535 1201 opinatur
1574 1089 1626 1176 cl.
1656 1089 1859 1178 Latreille

238 1236 374 1350 (Mem
405 1236 465 1322 du
493 1235 603 1323 Mus.
627 1233 778 1322 d’Hist
793 1245 915 1351 nat).
976 1232 1031 1321 In
1060 1235 1235 1320 sacerdo
1265 1236 1558 1350 praeterlapso
1589 1239 1860 1329 observatio-

236 1411 318 1472 nes
350 1389 469 1473 circa
497 1385 608 1474 haec
637 1385 919 1491 animalcula,
957 1385 1008 1470 in
1036 1411 1166 1468 usum
1196 1382 1506 1472 medicinalem
1536 1407 1740 1516 assumta,
1771 1418 1860 1502 pu-

234 1535 457 1622 blicammt
485 1533 782 1650 Entomologi‚
812 1534 1030 1645 imprimis
1060 1530 1303 1636 Rsaumur,
1331 1533 1396 1618 De
1423 1534 1561 1640 Geer,
1589 1536 1747 1623 Roesel
1777 1557 1859 1624 etc.

236 1684 435 1772 Linneus
452 1713 555 1770 oum
571 1685 806 1798 coleoptris
821 1685 958 1797 magis
975 1665 1176 1768 minusve
1192 1681 1416 1766 vicinibus
1432 1679 1541 1768 haec
1558 1687 1727 1786 insecta
1745 1661 1859 1774 con-

235 1836 381 1922 iunxit
407 1837 459 1920 in
488 1860 650 1950 genere
681 1831 862 1936 Meloe,
908 1827 1027 1943 quod
1056 1844 1207 1941 postea
1235 1827 1286 1913 in
1317 1853 1478 1944 genera
1507 1831 1633 1944 plura
1662 1833 1859 1923 dissolvit

234 1982 480 2086 Fabricius,
510 1979 580 2066 his
609 1979 770 2064 nostris
799 2002 967 2062 nomen
990 1974 1274 2060 Linneanum
1295 1975 1512 2061 retinens:
1543 2005 1690 2064 errore
1712 1999 1859 2068 tamen

238 2129 516 2216 Gallerucam
544 2125 767 2239 quandam
796 2123 865 2208 his
899 2105 1080 2210 insectis
1115 2124 1301 2210 nomina
1336 2121 1436 2210 Mel
1465 2127 1707 2243 marginata
1737 2156 1860 2216 asso·
1957 2169 1960 2178 ·

240 2280 383 2380 cievit,
410 2305 497 2388 qua
519 2273 572 2358 ab
595 2271 768 2388 Illigero
790 2289 970 2376 remota,
993 2273 1214 2388 integrum
1235 2270 1465 2386 hucusque
1486 2278 1697 2384 remansit
1718 2276 1861 2364 hocce

239 2455 397 2547 genus,
444 2426 497 2510 ab
527 2421 780 2508 auctoribus
808 2418 1009 2532 pluribus
1040 2437 1296 2506 exornatum
1326 2422 1726 2530 observationibus,
1765 2446 1808 2511 et
1836 2457 1861 2514 a

239 2577 414 2667 duobus
450 2570 763 2690 monograpbis
800 2584 1050 2671 tractatum3
1103 2566 1237 2651 altero
1283 2567 1336 2651 cl.
1372 2552 1551 2682 Meyero
1599 2571 1733 2683 (Frid.
1763 2575 1859 2664 Alb.

237 2727 339 2812 Ant.
357 2723 521 2838 Meyer,
551 2723 637 2824 Dr,
663 2719 905 2804 Tentamen
926 2713 1268 2830 Monographiae
1284 2711 1460 2799 Meloes.
1491 2715 1857 2837 Gotting.1793);

237 2875 372 2961 altero
412 2872 465 2957 cl.
500 2867 647 2954 Leach
694 2866 930 2978 (Transact
968 2861 1019 2946 of
1050 2860 1124 2946 the
1161 2861 1293 2947 Linn.
1333 2862 1431 2949 Soc.
1467 2863 1565 2950 Vol.
1590 2864 1667 2953 XI.
1706 2878 1860 2984 rme).

235 3023 500 3136 Nuperrime
538 3016 716 3132 quidem
741 3014 809 3099 el.
838 3010 1054 3125 Stepbens
1089 3013 1140 3096 in
1179 3009 1387 3128 Catalogo
1423 3011 1699 3104 Insectorum
1733 3024 1859 3139 Ang-

234 3171 321 3260 liae
371 3201 426 3257 ex
471 3166 626 3254 Melois
678 3163 886 3252 antennis
937 3157 1084 3246 medio
1135 3161 1386 3245 incrassatis
1438 3187 1577 3276 genus
1631 3173 1860 3257 constituit

235 3317 646 3419 Prosrarabaeus,
683 3309 842 3398 eodem
870 3311 966 3395 iure
997 3325 1143 3394 autem
1173 3307 1362 3418 specics,
1400 3335 1508 3423 quas
1537 3308 1748 3419 vidimus,
1785 3319 1861 3402 vi·-
1908 3306 1910 3312 ’

237 3473 350 3588 giuti
378 3471 578 3583 quinque
607 3467 659 3552 in
688 3487 850 3579 genera
878 3456 1093 3572 tredecim
1123 3453 1383 3543 distribuere
1411 3460 1636 3569 potuisset.

349 3653 442 3740 Nos
472 3649 706 3738 maluimus
738 3644 974 3732 divisiones
1003 3621 1269 3756 proponere,
1301 3669 1412 3754 quae
1442 3660 1708 3755 sequuntur:

238 3854 289 3940 A.
318 3850 545 3938 Tibiarum
574 3848 844 3962 poeticarum
873 3841 1034 3929 calcari
1063 3843 1275 3930 exteriore
1306 3841 1430 3953 apice
1462 3840 1651 3948 dilatato,
1683 3842 1859 3958 oblique

322 4015 539 4088 truncate.

264 4191 271 4198 '
295 4183 327 4270 I.
357 4183 575 4272 Antennis
604 4175 752 4264 medio
780 4175 1050 4284 incrassatis:

326 4343 364 4426 1.
393 4328 601 4420 Articulis
632 4327 828 4419 5-7111
857 4351 977 4410 mare
1010 4317 1250 4436 angulatim
1283 4321 1556 4432 compositis:
1595 4329 1859 4432 spec.1-4.

321 4492 363 4575 2.
392 4479 611 4566 Antennis
640 4475 740 4558 totis
768 4474 820 4557 in
848 4489 1036 4582 utroque
1067 4498 1173 4554 sexu
1201 4470 1352 4554 rectis:
1382 4495 1500 4580 spec.
1522 4470 1564 4558 5.

293 4661 346 4751 ΙΙ.
375 4662 595 4752 Antennis
624 4653 772 4742 medio
804 4651 922 4738 haud
950 4652 1219 4738 incrassatis:

326 4822 364 4904 1.
393 4801 593 4898 Articulo
623 4807 779 4892 ultimo
810 4805 996 4919 integro.

353 4990 389 5048 a.
418 4961 559 5046 Tarsis
589 4961 639 5043 in
669 4972 855 5068 utroque
886 4980 992 5036 sexu
1022 4945 1309 5062 simplicibus.

378 5109 403 5154 *
432 5108 555 5195 Areis
570 5108 622 5193 in
637 5104 931 5193 anterioribus
947 5099 1196 5204 abdominis
1212 5092 1444 5215 segmentis
1461 5088 1617 5178 nullis:
1648 5099 1813 5204 spec.6.
1822 5101 1860 5182 7.
