4852 6186
541 516 592 591 98
1019 507 1091 584 Ta.
1116 506 1184 582 Fa.
1214 505 1256 580 L.
1284 502 1382 580 Nata
1408 524 1453 578 as
1474 500 1673 592 Esasason,

540 749 780 858 minorem,
817 749 867 833 in
897 745 1064 832 cortice
1094 744 1384 854 donariorum
1419 741 1516 828 sub
1554 740 1641 826 dio
1677 747 1997 828 coacervato
2027 744 2159 828 inve-

541 898 610 984 nit
637 897 877 986 Libertia
907 896 1122 1011 nobisque
1154 891 1351 1008 exempla
1378 893 1604 1002 utriusque
1626 893 1758 978 misit.
2014 903 2016 908 '

611 1097 619 1106 ⁵
657 1125 697 1206 Ξ.
739 1110 949 1202 Pezizae
984 1114 1117 1200 etiam
1152 1110 1324 1227 generis
1366 1111 1534 1222 speeies
1572 1105 1683 1195 duae
1706 1115 1880 1213 novae,
1932 1105 2003 1193 vel
2040 1109 2163 1194 eius-
2288 1207 2292 1218 ‚

545 1263 645 1350 dem
675 1263 855 1348 fortasse
884 1287 1024 1348 novae
1053 1261 1219 1372 speciei
1248 1257 1358 1343 duae
1394 1257 1560 1343 formae
1596 1256 1858 1375 singulares,
1905 1255 2161 1347 ePhialea-

543 1440 646 1498 rum
676 1409 1032 1525 cyathoidearum
1061 1410 1200 1513 tribu,
1235 1409 1288 1493 in
1325 1405 1570 1497 Sclerotiis
1606 1401 1832 1526 qu'ercino
1871 1423 1914 1491 et
1948 1406 2166 1524 compla-

544 1577 661 1658 nato
692 1575 935 1664 nascentes,
966 1558 1020 1643 ab
1046 1557 1199 1643 eadem
1218 1555 1413 1642 Libertia
1437 1555 1685 1640 observatae
1709 1572 1811 1640 sunt
1831 1554 2049 1668 nobisque
2072 1574 2164 1644 tra-

546 1707 679 1814 ditae;
728 1733 914 1820 quarum
945 1705 1028 1792 alia
1059 1703 1255 1817 exempla
1283 1703 1543 1789 Sclerotium
1578 1701 1760 1790 radicali
1795 1701 1903 1790 fibra
1939 1703 2163 1794 evidenter

545 1855 815 1970 perforantia
844 1855 895 1939 in
925 1879 1083 1965 corpus
1113 1853 1207 1936 eius
1237 1840 1536 1963 penetrabant,
1568 1850 1651 1935 alia
1680 1867 1824 1936 autem
1856 1880 1907 1936 ex
1938 1855 2165 1941 communi

546 2005 692 2118 potius
728 2003 943 2108 substrato
981 2025 1202 2113 emergere
1237 1997 1512 2084 videbantur.
1587 1996 1730 2101 Quam
1768 1997 1826 2084 ob
1863 2027 1957 2086 rem
1996 2003 2166 2090 etiamsi

546 2149 678 2268 longe
709 2148 805 2236 alia.
826 2150 881 2234 sit
916 2150 1026 2236 ratio
1062 2145 1218 2232 harum
1256 2145 1506 2232 Pezizarum
1543 2160 1670 2258 atque
1708 2143 1886 2263 Agarici
1921 2151 2163 2256 memorati,
2272 2177 2275 2184 ·

548 2327 601 2382 ex
628 2293 881 2409 primordiis
912 2296 1021 2396 suis,
1059 2290 1273 2378 Sclarotio
1303 2291 1537 2392 similibus,
1568 2309 1642 2376 aut
1670 2293 1845 2403 penitus
1875 2323 1922 2380 se
1953 2294 2166 2386 evolven-

547 2445 615 2547 tis‚
646 2459 720 2527 aut
748 2441 830 2528 sub
861 2438 1003 2526 aliena
1030 2440 1112 2524 ista
1140 2437 1308 2557 globuli
1337 2439 1550 2551 simplicis
1580 2437 1722 2526 forma
1749 2443 2044 2553 persistentis,
2074 2447 2166 2533 sci-

546 2589 650 2678 licet
681 2615 783 2674 cum
813 2587 986 2674 Pezizae
1015 2590 1067 2672 in
1092 2587 1305 2674 Sclerotio
1328 2590 1418 2674 sive
1445 2615 1560 2692 casu,
1590 2590 1684 2676 sive
1707 2587 1923 2677 electione
1943 2589 2014 2680 vel
2035 2621 2165 2708 prae-

549 2739 840 2825 destinatione
871 2736 1074 2850 quadam,
1104 2736 1224 2824 illato
1254 2737 1325 2824 vel
1352 2739 1518 2823 inserto
1547 2739 1602 2823 iis
1633 2741 1815 2847 semine,
1846 2770 1968 2850 more
1996 2747 2165 2857 parasi-

549 2904 689 2972 tarum
714 2871 1164 3002 crescantJAgarions
1195 2903 1347 2972 contra
1376 2903 1523 2998 perse
1554 2885 1734 2999 quidem
1763 2915 1856 2975 non
1886 2889 2080 2979 diversus
2110 2896 2166 2980 sit

549 3035 607 3128 ab
633 3035 718 3119 isto
747 3031 868 3146 quod
896 3031 1125 3120 videbatur
1155 3033 1435 3141 Sclerotium;
1482 3033 1624 3120 nihilo
1663 3039 1805 3124 secius
1841 3055 1988 3126 tamen
2022 3045 2164 3130 maxi·

548 3214 619 3270 me
649 3183 943 3270 memorabilis
980 3183 1152 3276 videtur
1187 3184 1406 3272 eiusmodi
1434 3185 1689 3304 Fungornm
1721 3187 1830 3276 alius
1861 3190 2028 3279 ordinis
2059 3222 2163 3281 oum

550 3332 776 3418 Sclerotiis
808 3334 1080 3418 coniunctio.
