4852 6186
542 464 593 536 92
1019 454 1090 528 Tu.
1115 451 1182 529 Fa.
1211 453 1253 527 L.
1283 452 1379 527 Nat-:s
1408 477 1452 526 ιιι
1479 451 1687 542 Esurssctr,

548 721 746 810 possum,
769 694 880 807 quin
902 690 956 779 ad
978 710 1172 779 veterem
1192 690 1313 777 illam
1336 690 1390 776 de
1416 690 1673 810 Fungorum
1694 696 2009 810 propagatione
2033 717 2173 808 quae·

551 848 741 931 ationem
773 871 1009 930 conversus
1038 845 1234 960 ingenue
1265 839 1416 945 fatear,
1455 815 1548 926 esse
1578 841 1793 957 quaedam
1820 846 1872 928 in
1900 842 2002 950 hac,
2041 871 2175 956 qnam

553 994 687 1082 hodie
717 1012 969 1080 narraturus
1000 1020 1095 1079 sum
1127 992 1451 1094 observatione,
1480 991 1600 1076 unde
1631 1011 1886 1110 argumenta
1914 993 2018 1078 elici
2047 1016 2176 1106 posse

554 1143 786 1251 videantur
815 1146 1037 1258 aptissima
1066 1144 1308 1231 sententiae
1338 1141 1531 1246 illorum,
1561 1142 1721 1255 quibus
1751 1139 1911 1258 fungos
1934 1169 2015 1254 per
2038 1169 2179 1258 gene-

554 1296 771 1382 rationem
803 1295 1085 1410 originariam
1114 1294 1350 1406 provenire
1380 1316 1636 1403 persuasum
1668 1308 1751 1396 est,
1791 1292 1962 1377 etiamsi
1991 1318 2180 1410 genera·

555 1445 692 1530 tionis
721 1442 851 1528 huius
883 1441 1130 1528 doctrinam
1152 1469 1253 1528 non
1281 1440 1746 1557 argumentationibus,
1776 1439 1853 1526 sed
1877 1441 1982 1526 solis
2000 1445 2179 1556 experi-

556 1594 718 1678 mentis
748 1592 862 1674 hene
894 1608 937 1674 et
967 1608 1091 1675 caute
1127 1589 1336 1674 institutis
1375 1590 1466 1674 sive
1500 1586 1773 1710 probandam
1802 1618 1894 1673 esse
1925 1592 2016 1677 sive
2045 1589 2181 1678 refel-

557 1740 734 1828 lendam
773 1767 989 1844 censeam.

591 1888 900 1974 Currere
930 1855 1147 2005 inregno
1179 1837 1267 1971 boc
1298 1885 1529 2034 singulari,
1575 1913 1601 1972 a
1632 1883 1792 1999 plantis
1824 1886 2049 2012 {altioribus
2076 1886 2183 1976 lon·

560 2041 735 2160 gissime
767 2037 931 2144 dissito,
962 2037 1122 2153 duplex
1150 2064 1296 2122 rerum
1327 2039 1449 2154 origo
1480 2037 1610 2128 statui
1638 2055 1841 2150 nequeat,
1872 2067 1953 2156 ego
1984 2065 2078 2138 non
2106 2041 2184 2128 in·

559 2190 730 2306 telligo;
764 2186 985 2302 siquidem
1013 2189 1064 2271 in
1094 2187 1258 2272 cortice
1289 2213 1494 2298 quercus,
1525 2182 1582 2271 ad
1609 2212 1738 2270 usum
1769 2189 2063 2275 coriariorum
2092 2183 2184 2276 fcr-

540 2339 826 2456 vmentationi
856 2336 1071 2440 subiecto,
1099 2363 1248 2450 speras
1278 2335 1532 2420 tenerrimas
1562 2331 1855 2454 fungorum,
1845 2338 1884 2420 si
1891 2327 2079 2443 adsint,
2085 2340 2184 2432 aive

541 2457 763 2605 infacultate
793 2484 1073 2604 germinandi
1101 2487 1277 2600 privari,
1307 2487 1398 2571 sive
1420 2502 1511 2570 tota
1531 2485 1717 2570 omnino
1742 2484 1919 2594 destrui,
1949 2487 2185 2600 verisimile

486 2629 489 2634 ’
562 2637 748 2726 videtur.
803 2633 881 2722 Isti
909 2655 1053 2722 eutem
1085 2639 1270 2723 cortices
1299 2651 1401 2750 post
1430 2664 1560 2722 usum
1590 2609 1781 2752 denique
1815 2640 2107 2742 coriariorum
2134 2641 2186 2726 in

566 2783 754 2872 caldaria
790 2767 939 2895 nostra
975 2779 1196 2884 feruntur,
1252 2785 1405 2896 ibique
1449 2781 1695 2868 secundum
1738 2785 1878 2899 varias
1922 2803 2184 2900 temporum,

567 2932 736 3038 caloris,
767 2886 1037 3016 humiditatis
1073 2930 1272 3044 lucisque
1308 2929 1633 3016 vicissitudines
1672 2948 1747 3034 aut
1782 2925 2059 3024 Aethaliam
2077 2933 2187 3052 flo-

565 3113 678 3172 vum
707 3081 779 3186 L
816 3097 890 3164 aut
921 3078 1081 3192 (rarius
1110 3079 1278 3196 tamen)
1308 3078 1582 3169 Stemonitis
1605 3079 1871 3200 decipiens,
1911 3101 1985 3170 aut
2010 3083 2188 3176 Peziza

565 3187 852 3334 vesiculosa,
891 3242 965 3309 aut
994 3222 1276 3316 Sclerotinm
1303 3193 1672 3344 Mycetospora,
1710 3245 1785 3313 aut
1812 3229 2052 3346 Agaricus
2080 3233 2189 3329 vol-

567 3403 740 3464 varens
770 3372 816 3462 Ρ.
847 3402 899 3456 ex
925 3374 981 3458 iis
1013 3373 1232 3462 elicitur.
1265 3373 1319 3462 ln
1348 3377 1604 3462 universum
1634 3393 1781 3466 autem
1811 3376 1865 3463 de
1896 3398 1997 3466 ortu
2025 3377 2188 3470 horum

568 3511 811 3639 mycetum,
841 3521 986 3634 quoad
1017 3527 1125 3610 anni
1153 3542 1370 3636 tempora,
1399 3522 1508 3610 haec
1538 3523 1785 3612 statuenda:
1815 3527 2059 3638 Autumno,
2089 3528 2190 3628 hie·

569 3700 641 3758 me
671 3686 714 3754 et
742 3670 886 3780 primo
917 3695 1040 3776 vere,
1083 3700 1186 3758 cum
1223 3670 1413 3758 caldaria
1450 3668 1595 3756 calore
1632 3670 1822 3785 quidem,
1852 3692 1897 3760 et
1930 3675 2186 3796 humiditate

436 3891 445 3927 ,
546 3816 808 3922 abundant,
837 3816 937 3903 luce
965 3849 1085 3925 vero,
1114 3823 1372 3938 praesertim
1401 3820 1526 3909 coelo
1556 3820 1769 3936 pluvioso,
1801 3845 1963 3937 carent,
2001 3825 2192 3938 Sclero·

476 4049 481 4058 1
571 3969 690 4058 tium
718 3971 974 4080 praesertim
1003 3971 1147 4086 gigni,
1192 3969 1360 4058 vernali
1389 3987 1584 4085 tempore
1616 3975 1757 4058 rarius
1785 3972 2065 4081 Aethaliam
2083 3973 2193 4094 fla·

499 4181 526 4212 -.
570 4147 685 4205 vum
716 4134 758 4202 et
782 4114 1069 4206 Stemonitin
1097 4138 1290 4206 nostram
1313 4119 1556 4226 observari;
1594 4117 1786 4236 denique
1808 4124 1995 4210 ineunte
2019 4141 2191 4230 aestate,
2218 4161 2221 4170 ·

574 4282 891 4383 quotempore
923 4264 1109 4354 caldaria
1137 4296 1217 4384 per
1246 4266 1339 4376 dies
1366 4267 1717 4386 longioresluce
1746 4269 2035 4380 illustrantur,
2074 4273 2195 4390 Aga·

572 4418 703 4535 ricos,
732 4414 970 4534 fungorum
998 4446 1218 4533 proceres,
1247 4423 1502 4534 provenire3
1532 4419 1652 4536 quod
1674 4421 1854 4537 quidem
1886 4425 2048 4536 optime
2079 4449 2195 4518 con-

576 4569 694 4684 gruit
715 4595 817 4650 cum
839 4569 1055 4654 sententia
1078 4568 1158 4658 cel.
1182 4569 1396 4677 Friesii,
1426 4573 1504 4685 qui
1532 4573 1584 4658 in
1611 4571 1942 4660 introductione
1966 4571 2021 4658 ad
2043 4573 2194 4690 Syste-

560 4744 648 4828 ‘ma
690 4714 948 4834 Fungorum
999 4716 1107 4802 haec
1159 4716 1315 4806 habet:
1371 4722 1539 4828 „Nisus
1582 4721 1703 4812 idem
1744 4722 2193 4836 reproductionisin

434 4850 440 4864 ’
575 4880 818 4977 „potestate
860 4861 972 5002 lucis
1014 4862 1220 4978 producit
1261 4865 1570 4984 hymenium.“
1654 4868 1727 4987 (V.
1758 4869 1868 4984 Syst
1896 4871 2054 4986 mycol.
2096 4899 2193 4992 pag.

570 5009 798 5122 ¹turtur.)
