4852 6186
756 563 1041 658 Monograpbia
1067 563 1213 654 generis
1239 561 1390 634 Meroe.
1608 563 1610 570 ’
1808 567 1884 640 115

562 795 704 916 Long·
733 798 975 908 δὲ-ΞΟΜ.
1011 796 1103 883 Lat
1136 796 1347 916 lff-bm·
1739 905 1741 908 .

376 945 549 1060 Corpus
579 949 776 1066 nigrum,
805 949 946 1066 magis
974 950 1175 1034 minusve
1203 947 1633 1054 violaceo-micans,
1662 947 1879 1062 imprimis

257 1096 308 1181 in
336 1094 524 1208 pedibus
555 1098 697 1210 capite
726 1127 777 1184 ac
800 1095 993 1184 thorace.
1052 1093 1199 1222 Caput·
1215 1095 1414 1215 glabrum
1434 1114 1498 1181 set
1516 1095 1736 1211 profunde
1759 1123 1881 1211 pun-

262 1260 447 1348 ctatum,
483 1246 660 1358 punctis
696 1248 749 1332 in
784 1245 929 1336 fronte
966 1248 1226 1353 rarioribus,
1266 1245 1507 1333 canaliculas
1542 1245 1721 1342 frontali
1755 1247 1880 1332 tenui

260 1391 527 1496 abbreviata,
558 1371 976 1511 violaceo-nigrum
1004 1411 1080 1495 sat¹
1096 1392 1304 1501 nitidum.
1347 1392 1551 1508 ,Clypeus
1580 1393 1675 1479 basi
1703 1394 1879 1507 punctis

257 1537 443 1651 piliferis
477 1557 543 1628 sat
577 1539 832 1656 profrmdis,
875 1543 1043 1629 labium
1078 1537 1378 1626 subtilioribus
1415 1540 1653 1627 rarioribus
1690 1541 1881 1656 impres-

258 1717 367 1774 sum.
424 1691 656 1779 Antennae
671 1710 736 1781 sat
752 1692 969 1802 distincte.
979 1681 1213 1794 violarem,
1244 1687 1423 1774 nitidae.
1481 1687 1654 1776 Thorax
1681 1688 1880 1800 latitudi-
1931 1737 1937 1746 ·

255 1864 314 1924 ne
345 1839 417 1924 vix
447 1839 635 1945 brevior,
666 1812 762 1926 basi
782 1838 933 1937 leviter
958 1840 1263 1956 emarginatus,
1294 1836 1466 1954 angulis
1490 1839 1647 1924 anneis
1670 1840 1743 1954 vix
1767 1829 1884 1924 con?

256 1987 437 2103 spicuis,
471 2015 573 2072 cum
602 1987 808 2072 lateribus
837 1965 1096 2091 rotundatis,
1135 1969 1230 2071 basi
1258 1987 1416 2074 iterum
1445 1984 1599 2072 leviter
1628 1962 1888 2106 emarginaff

257 2155 326 2221 tus
356 2126 736 2250 rnarginatusque,
772 2161 905 2251 supra
933 2111 1069 2250 magis
1099 2135 1303 2221 minusve
1333 2131 1576 2247 depressus,
1604 2135 1787 2250 ¹punctis
1817 2119 1890 2227 sat

255 2280 501 2398 profundis,
531 2282 582 2368 in
610 2281 759 2370 medio
789 2282 1088 2394 parcioribus,
1117 2273 1316 2370 ¹ceterum
1346 2286 1518 2398 saepius
1550 2280 1879 2370 confluentibus

256 2439 506 2548 impressus,
536 2435 664 2548 niger
685 2430 945 2544 plerumque
966 2428 1220 2534 violassens,
1244 2427 1424 2536 nitidus,
1451 2430 1564 2516 lobis
1581 2409 1881 2517 inflexissub-

255 2582 390 2670 tiliter
417 2609 548 2698 parce
578 2553 798 2698 punctatis
827 2579 937 2672 laete
961 2576 1174 2674 ¹violaceis
1203 2575 1493 2665 nitidissimis.
1565 2564 1712 2696 Elytra
1740 2566 1878 2696 magis
1955 2611 1959 2628 ’

255 2729 458 2818 minusve
489 2730 891 2846 comarco-rugosa,
922 2740 1025 2830 atra,
1055 2751 1185 2838 supra
1214 2752 1384 2840 parum,
1414 2726 1687 2844 marginibus
1706 2711 1901 2832 inflexis

257 2875 505 2964 distinctius
540 2873 838 2962 violoscentia.
909 2869 1144 2960 Abdomen
1177 2899 1308 2983 supra
1338 2885 1480 2960 atrum
1512 2899 1724 2988 opacum,
1769 2876 1878 2960 areis

256 3027 510 3141 subopacis,
553 3025 770 3112 subtiliter
800 3025 1019 3127 coriacea,
1062 3021 1240 3135 punctis
1269 3021 1377 3109 raris
1413 2999 1598 3133 pilileris
1634 3011 1879 3134 impressis;

255 3177 407 3266 subtus
431 3156 771 3281 subviolascens,
801 3171 954 3262 crebre
977 3171 1417 3290 piloso-punctatum.
1455 3168 1589 3257 Pedes
1610 3169 1756 3277 validi,
1779 3172 1880 3285 ple-

256 3357 443 3445 rumque
472 3324 931 3442 'purpureo-violacei,
961 3341 1026 3409 sat
1054 3319 1197 3408 nitidi.
1238 3343 1240 3348 ’
1310 3425 1314 3430 ,
1503 3303 1509 3316 ’

371 3479 562 3564 Patria.
597 3477 775 3589 Europa
802 3493 892 3560 tota
922 3491 965 3559 et
993 3471 1173 3573 Sibiria;
1203 3486 1399 3580 tempore
1429 3467 1598 3555 vernali
1628 3468 1848 3583 frequens.

371 3623 491 3712 Obs.
522 3623 640 3712 Haec
671 3627 840 3738 species
871 3623 924 3708 ab
956 3621 1206 3707 auctoribus
1236 3645 1366 3736 saepe
1398 3615 1598 3722 confusa,
1624 3645 1759 3731 quare
1785 3621 1877 3705 eius

255 3776 522 3890 synonymia
564 3771 689 3860 valde
734 3773 935 3859 intricata
983 3749 1057 3857 est
1107 3750 1311 3898 ¹Malui
1345 3766 1735 3859 Proscarobaeus
1778 3767 1877 3854 Lin.

257 3943 374 4011 certe
406 3920 547 4028 idem,
592 3940 642 4009 ut
677 3949 729 4008 ex
766 3901 1062 4036 descriptione
1097 3893 1273 4004 Faunae
1313 3915 1440 4002 Suec.
1469 3933 1598 4029 patet.
1635 3914 1877 4020 Fabricius,

254 4071 446 4158 Linn'aei
469 4069 703 4187 diagnosin
727 4071 937 4174 retinens,
966 4069 1088 4153 hunc
1114 4063 1305 4154 eundem
1327 4061 1575 4185 significare
1598 4065 1727 4153 nobis
1751 4061 1879 4181 videf-

254 4238 347 4327 tnr;
393 4217 517 4304 color
545 4221 676 4305 etiam
704 4218 926 4304 violaceus
956 4214 1061 4303 huie
1085 4215 1230 4331 ,magis
1262 4195 1491 4326 competit,
1528 4241 1660 4330 quam
1690 4210 1748 4297 M.
1777 4215 1882 4298 vio-i

254 4370 379 4456 laceo
409 4364 566 4452 Marah.
595 4365 858 4458 Madiama
887 4381 930 4447 et
958 4361 1078 4450 Met.
1092 4377 1330 4478 punctota
1360 4361 1487 4473 Pane.
1519 4377 1636 4444 certe
1659 4357 1748 4443 huc
1771 4386 1879 4472 per-

253 4521 411 4622 tinent,
441 4511 686 4601 secundum
717 4530 857 4626 typos,
888 4511 968 4624 qui
995 4497 1171 4594 exstant
1189 4489 1239 4592 in
1267 4501 1378 4590 Mus.
1406 4503 1513 4623 neg.
1543 4503 1683 4594 Berol.
1755 4504 1876 4595 Mel.

254 4679 405 4758 tectus
442 4660 601 4749 Leach.
639 4663 769 4749 etiam
806 4662 902 4747 sine
941 4657 1076 4745 dubio
1113 4654 1202 4748 huo
1238 4645 1520 4741 referendus.
1586 4651 1707 4742 Mel.
1738 4658 1878 4774 rugi·
1961 4621 1975 4646 ‘

253 4818 423 4936 pennis
453 4809 691 4916 Mannerb,
731 4841 783 4895 ex
811 4810 991 4915 Sibiria,
1020 4805 1267 4896 seeundum
1296 4808 1547 4920 specimen,
1576 4803 1698 4919 quod
1725 4801 1877 4892 Museo
1938 4819 1944 4830 “

256 4967 396 5082 Regio
426 4961 567 5050 Berol.
599 4961 941 5048 communicavit
974 4957 1028 5045 cl.
1058 4956 1239 5062 Gebler,
1276 4972 1425 5043 exacte
1455 4957 1684 5060 convenit,
1730 4955 1876 5044 colore

260 5113 395 5201 modo
428 5114 615 5198 omnino
645 5113 774 5228 nigro
804 5107 1072 5222 discrepans.
1138 5102 1260 5192 Met
1280 5100 1506 5192 ⁴'Pazou'ca
1535 5101 1629 5216 Dej.
1659 5104 1743 5190 sec.
1774 5105 1878 5189 Par-
