4852 6186
778 469 1062 612 Monograpaie
1086 520 1233 610 generis
1262 519 1410 594 Malaia.
1831 533 1905 606 107

175 821 178 826 .
222 749 226 756 “
284 765 377 834 tum
407 752 580 857 transit,
611 779 637 838 a
665 775 755 866 quo
784 751 872 846 levi
900 754 1105 842 strictura
1132 755 1403 842 terminatur.
1465 754 1612 845 Tubus
1641 760 1903 848 intestinalis

285 923 470 1012 corpore
500 902 625 987 tertia
652 919 774 1013 parte
802 901 988 1020 longior.
1045 903 1160 992 Vasa
1180 902 1351 991 biliaria
1373 932 1461 1011 sex,
1484 909 1609 1022 apice
1630 908 1770 994 libero
1795 937 1903 994 coe·

282 1075 352 1151 ca,
392 1045 749 1136 fasciculiformia
784 1067 913 1165 atque
950 1054 1068 1140 inter
1101 1079 1148 1136 se
1186 1051 1423 1140 convoluta
1458 1054 1659 1142 intestini
1685 1057 1903 1168 superiori

283 1214 536 1283 curvaturae
566 1196 821 1303 adbaerent,
853 1216 896 1286 et
923 1201 1064 1315 spatio
1094 1197 1265 1314 aequali
1294 1197 1516 1308 distantia,
1547 1231 1678 1316 supra
1707 1207 1912 1320 emargi-'

279 1345 505 1431 nationem
534 1345 756 1434 tuberculi
787 1347 1026 1438 M·formis
1055 1347 1260 1463 pylorum
1289 1349 1467 1436 intrant

394 1492 601 1581 Testiculi
635 1495 921 1603 subrotuudi,
965 1496 1071 1602 albi,
1117 1497 1325 1608 utrinque
1362 1494 1453 1582 fere
1487 1500 1540 1584 in
1568 1500 1715 1585 ventri
1750 1496 1899 1585 medio

276 1638 368 1742 siti3
419 1669 520 1729 vasa
550 1641 790 1734 deferentia
819 1647 914 1733 basi
943 1647 1114 1750 tenuia,
1152 1671 1256 1730 mox
1284 1646 1449 1728 sensim
1479 1645 1700 1760 ampliata,
1735 1664 1900 1734 retror-

274 1815 387 1892 sum,
420 1786 524 1875 dein
556 1809 816 1899 antrorsum,
847 1812 890 1879 et
916 1823 1019 1880 mox
1046 1796 1206 1880 iterum
1234 1810 1473 1878 retrorsum
1501 1790 1629 1898 flexa,
1660 1824 1752 1880 sese
1785 1821 1901 1880 con-

273 1935 488 2048 iungtmt:
519 1934 605 2022 Vas
636 1937 837 2026 deferens
868 1967 1103 2026 commune
1133 1954 1266 2025 tenue
1296 1934 1541 2024 flexuosum
1561 1941 1787 2024 transitio
1815 1968 1899 2054 pe·

274 2105 379 2166 nem
410 2080 682 2196 elongatum,
712 2085 1115 2198 subcompressum,
1152 2088 1277 2198 apice
1307 2082 1743 2190 subsecuriformem,
1780 2083 1899 2170 infra

275 2228 559 2332 bidentatum,
590 2259 617 2315 a
644 2234 802 2344 vagina
831 2233 1005 2337 conica,
1037 2233 1161 2346 apice
1190 2232 1426 2340 bidentem,
1456 2233 1573 2320 infra
1601 2232 1699 2320 susa
1729 2232 1898 2346 ample-

272 2406 397 2481 xum;
441 2403 554 2488 quae
582 2378 741 2492 vagina
768 2375 865 2460 basi
895 2401 998 2462 cum
1026 2379 1254 2489 squamula
1284 2377 1579 2492 clypeiformi‚
1622 2381 1896 2496 marginibus

271 2519 453 2629 inflexa,
489 2525 616 2642 nigra
645 2522 786 2611 nitida
815 2522 1076 2611 articulatim
1108 2527 1350 2640 coniuncta
1379 2545 1455 2611 est.
1529 2525 1620 2614 Ubi
1654 2555 1759 2613 vero
1795 2558 1897 2616 vasa

274 2671 515 2760 deferentia
542 2675 771 2787 utriusque
799 2675 919 2760 testis
958 2672 1252 2776 conveniunt,
1299 2674 1460 2760 ostium
1488 2671 1660 2762 faciunt
1686 2677 1892 2790 utrinque

271 2823 524 2910 intestinula
554 2853 690 2912 coeca
716 2825 820 2927 tria,
855 2848 1047 2936 quorum
1077 2839 1305 2926 externum
1333 2820 1658 2938 longissimum,
1695 2824 1893 2913 medium

272 2970 468 3087 longius,
511 2974 696 3060 interius
734 2988 777 3056 et
810 2973 1011 3084 superius
1040 2971 1195 3076 breve,
1241 2968 1474 3074 clavatum,
1520 2988 1747 3060 curvatum
1779 3002 1892 3062 con·

272 3122 467 3232 spicitur.
697 3215 701 3221 ,

385 3268 548 3358 Ovaria
575 3271 953 3391 oblongo-ovata,
996 3273 1116 3358 intus
1155 3297 1279 3374 cava,
1325 3269 1681 3378 membranacea,
1724 3273 1889 3376 tenuia,

270 3436 390 3506 extus
421 3421 607 3506 omuino
637 3420 729 3508 fere
760 3421 899 3509 ovulis
931 3423 1116 3527 croceis,
1153 3394 1203 3506 in
1231 3419 1510 3532 processibus
1541 3413 1698 3504 albidis
1730 3420 1889 3520 coecis,

270 3571 395 3680 apice
425 3569 620 3657 caudatis
651 3574 871 3659 contentis
902 3570 1095 3675 obtecta3
1131 3572 1250 3655 intus
1280 3568 1362 3653 sub
1392 3569 1548 3680 quovis
1577 3595 1788 3681 processu
1816 3565 1890 3654 fo-

268 3743 420 3802 ramen
455 3719 728 3825 observatur,
773 3719 829 3807 ad
865 3716 1155 3807 emittendum
1192 3715 1382 3804 ovulum.
1446 3715 1612 3801 Ductus
1644 3713 1888 3803 deferentes

270 3869 519 3954 ovariorum
550 3866 758 3956 desinunt
784 3870 836 3956 in
873 3866 1053 3958 ductum
1091 3891 1374 3952 communem
1413 3865 1592 3951 brevem
1629 3864 1886 3982 (vagInam),

267 4017 317 4102 in
345 4045 478 4130 quam
507 4017 724 4106 vesiculae
753 4036 840 4104 tres
872 4019 1033 4104 ostium
1062 4013 1250 4119 faciunt,
1293 4041 1478 4127 quarum
1514 4016 1701 4103 maxima
1735 4014 1885 4107 medio

268 4167 524 4270 constricta,
571 4169 752 4282 eiusque
796 4167 952 4256 ductus
997 4161 1200 4252 deferens
1243 4165 1404 4277 excipit
1446 4161 1630 4250 ductum
1668 4162 1886 4250 vesiculae

264 4314 475 4419 minutae,
505 4315 1099 4431 subrotundo-pyriformis‚
1129 4333 1174 4400 et
1201 4316 1253 4400 'm
1280 4312 1475 4400 medium
1503 4315 1685 4431 vaginae
1715 4314 1888 4399 immit-

264 4465 382 4549 titur.
442 4461 563 4550 Inlra
590 4467 641 4550 in
655 4466 783 4550 ostio
812 4464 900 4550 hoc
929 4493 1022 4550 sese
1052 4464 1272 4578 immergit
1302 4459 1456 4547 ductus
1483 4461 1704 4548 vesiculae
1733 4461 1884 4548 tertiae

263 4608 504 4728 elongatae.
591 4607 756 4700 Omnes
800 4609 883 4698 hae
926 4608 1144 4700 vesiculae
1189 4607 1423 4696 continent
1470 4607 1689 4725 liquorem
1737 4609 1885 4696 album

262 4774 477 4844 tenacem.
1870 4858 1873 4869 ,

379 4906 578 5022 systema
619 4933 859 4996 nervorum
900 4907 1162 4998 ventralium
1208 4926 1306 4994 octo
1352 4910 1634 5022 componitur
1685 4907 1884 5026 gangliis,

263 5084 454 5170 quorum
482 5059 747 5171 posteriores
778 5074 943 5172 septem
973 5056 1162 5146 ramulos
1194 5060 1398 5142 emittunt
1425 5054 1480 5142 ad
1510 5083 1670 5176 organa
1690 5054 1883 5144 thoracis
