4852 6186
558 521 632 596 m
987 509 1745 602 tummmwummm

562 754 1046 866 compresso-conice,
1082 769 1237 868 quarto
1268 747 1833 864 compresso-cylindrico,
1871 750 1995 862 apice
2023 765 2184 836 rotun-

562 899 918 990 dato-truncato.
975 901 1164 988 Labium
1189 901 1661 1002 corneo-coriaceum,
1684 894 2068 1000 subobcordatum,
2089 895 2184 982 basi

562 1068 827 1157 truncatum,
867 1054 993 1167 apice
1021 1051 1239 1139 levissime
1270 1050 1538 1165 emarginato
1569 1043 1752 1150 hirsuto,
1788 1043 1996 1132 lateribus
2025 1063 2185 1131 rotun·

564 1197 687 1286 datis.
759 1199 880 1313 Palpi
909 1201 1084 1288 labiales
1115 1201 1289 1304 breves,
1336 1192 1629 1298 crassiusculi,
1668 1191 1963 1298 triarticulati,
2001 1191 2185 1279 articulo

563 1344 719 1434 ultimo
756 1347 996 1437 incrassato
1039 1349 1318 1466 subgloboso.
1383 1344 1582 1432 Mentum
1612 1344 1738 1457 apice
1768 1359 2041 1446 truncatum,
2077 1339 2190 1426 late·

565 1495 689 1584 ribus
720 1465 862 1582 antice
894 1496 1020 1584 valde
1049 1493 1562 1608 rotundato-ampliatis,
1602 1489 1707 1577 dein
1734 1493 1951 1596 retractis,
1984 1491 2078 1576 basi
2108 1487 2190 1575 de-

566 1637 739 1726 flexum.
801 1642 913 1730 Gula
936 1643 1154 1752 distincta,
1183 1643 1331 1747 laevis,
1361 1642 1486 1755 apice
1503 1637 1759 1744 dilatam-7-
1774 1636 1906 1725 Oculi
1921 1639 2056 1752 parvi,
2078 1637 2190 1724 lete·

565 1772 2191 1909 mm,fflwmoffiQffisz—Ammaemwewmffln

568 1939 815 2055 marginem
841 1941 1098 2026 interiorem
1129 1959 1172 2026 et
1199 1939 1458 2026 inferiorem
1487 1939 1694 2040 insertae,
1732 1932 2192 2022 undecim-articula-

570 2100 651 2188 tae,
682 2083 848 2173 formae
879 2085 1073 2174 diversae
1102 2069 1516 2174 secundum'tribus
1547 2100 1589 2168 et
1617 2085 1785 2196 species
1817 2081 2114 2194 (subsetaceae
2139 2082 2191 2166 in

571 2229 630 2314 Μ.
661 2229 847 2338 decoro,
883 2233 1098 2338 uralensi;
1143 2237 1268 2349 apice
1305 2235 1628 2333 subincrassata
1645 2263 1670 2317 e
1686 2235 1738 2318 in
1774 2228 1832 2316 Μ.
1862 2230 1994 2338 laevi,
2040 2217 2205 2316 brevt-'

575 2376 700 2483 colli,
728 2378 952 2470 filiformes
980 2385 1033 2472 in
1061 2381 1120 2470 M
1152 2382 1418 2487 corallifer03
1455 2379 1600 2467 medio
1630 2382 1894 2468 incrassatae
1924 2380 2043 2480 etin
2071 2406 2190 2466 mare

574 2525 800 2643 angulatae
832 2533 885 2616 in
912 2527 1448 2642 M.{Proscarabaao,stc.):
1476 2527 1663 2615 articulo
1685 2528 1884 2616 secundo
1903 2545 2051 2614 tamen
2071 2557 2192 2613 sem-

572 2702 653 2790 per
688 2676 870 2788 reliquis
914 2682 1108 2782 minora,
1150 2675 1307 2762 ultimo
1344 2676 1599 2808 plerumque
1637 2677 2024 2796 oblongo-ovato,
2068 2680 2193 2793 apice

577 2825 926 2934 subacuminato,
955 2823 1183 2913 interdum
1212 2827 1344 2912 etiam
1373 2829 1655 2943 emarginato,
1685 2825 1764 2944 (M.
1791 2829 2000 2942 maiabs);
2028 2832 2196 2915 articu-

574 2973 636 3062 lis·
657 2975 813 3086 primis
842 2971 1015 3079 nitidis,
1060 2975 1301 3088 punctalis,
1345 2973 1535 3061 breviter
1570 2974 1913 3092 nigro-pilosis3
1958 2951 2194 3090 epicalihus

575 3123 693 3234 pube
721 3124 1025 3217 minutissima.
1044 3121 1168 3209 fusce
1199 3122 1422 3228 obductis,
1453 3121 1614 3237 opacis.
1973 3228 1982 3240 ,

691 3271 949 3384 Prothorax,
994 3301 1030 3358 s.
1059 3272 1214 3360 thorax
1242 3300 1375 3394 sensu
1404 3274 1577 3377 stricto,
1623 3275 1763 3388 capite
1801 3273 2060 3390 plerumque
2088 3277 2196 3361 satis

576 3423 816 3536 angustior,
846 3450 977 3535 supra
1006 3422 1219 3536 planatus,
1248 3421 1457 3510 lateribus
1485 3417 1673 3508 inflexis.
1744 3424 2022 3511 Prosternnm
2053 3425 2196 3510 antice

577 3567 662 3656 late
692 3571 1024 3692 emarginatum,
1055 3571 1202 3662 medio
1232 3572 1513 3660 transversim
1543 3569 1773 3677 elevatum,
1802 3575 1970 3687 postiae
1998 3573 2200 3659 bisinus·

577 3737 689 3823 tum,
718 3718 823 3805 lobo
853 3720 1001 3809 medio
1030 3725 1149 3810 inter
1178 3753 1302 3812 coxas
1325 3721 1558 3839 producto,
1587 3721 1714 3835 apice
1736 3725 2016 3840 emarginato.
2075 3722 2200 3808 Reli-

581 3894 718 3980 quum
755 3870 873 3955 inter
907 3899 1039 3965 coxas
1074 3877 1261 3988 spatium
1298 3874 1556 3965 membrana
1596 3858 1826 3964 clauditur.
1902 3871 2198 3960 Mesothorax:

578 4035 704 4104 acuto
735 4017 934 4137 (dorsulu
959 4021 1108 4142 Kirby
1135 4045 1179 4112 et
1201 4025 1397 4143 Spence)
1426 4041 1684 4128 transverso,
1713 4022 1972 4138 plerumque
1995 4026 2076 4112 sub
2098 4021 2202 4108 tho·

578 4193 682 4252 rece
711 4167 966 4275 recondito,
1003 4174 1186 4262 scutello
1215 4174 1360 4280 nullo,
1404 4170 1669 4285 Scapulariis
1698 4171 1907 4286 utrinque
1937 4168 2200 4285 duplicibus,

581 4315 875 4402 anterioribus
896 4323 1081 4436 magnis,
1111 4325 1255 4410 eutice
1279 4319 1350 4409 vel
1380 4320 1643 4406 coeuntibus
1671 4317 1741 4404 vel
1770 4319 2089 4432 approximatis,
2118 4346 2206 4431 po-

582 4464 691 4550 stica
722 4482 1039 4554 mesostarnum
1059 4470 1384 4583 triangularitcr
1405 4464 1748 4568 includentibus,
1777 4465 2093 4577 posterioribus
2116 4467 2205 4550 mi-

583 4609 716 4712 nutis,
744 4636 901 4720 parum
924 4615 1199 4724 conspicuis,
1228 4611 1501 4699 Mesosterno
1522 4607 1802 4727 (Peristhctio
1826 4607 1973 4726 Kirby
1995 4629 2038 4696 et
2058 4610 2205 4724 Spen-

522 4737 533 4756 ’
586 4759 657 4872 ce)
686 4777 955 4868 transverso,
985 4763 1240 4876 scapulariis
1268 4762 1590 4881 triangulariter
1616 4759 1812 4867 incluso,
1848 4763 2094 4881 marginem
2122 4786 2206 4848 an·

584 4907 792 4995 teriorem
828 4910 1143 4999 mesothoracis
1172 4915 1245 4998 vix
1272 4913 1345 5002 vel
1373 4913 1559 5000 omnino
1590 4937 1686 4997 non
1714 4912 1964 5028 attingente,
2001 4926 2103 4996 ente
2129 4910 2208 4994 in·

590 5059 830 5155 sartionem
860 5087 1075 5164 coxarum,
1096 5065 1578 5150 truncato-introrsum
1609 5059 1742 5165 flexo,
1778 5063 1898 5147 inter
1926 5086 2052 5148 coxas
2082 5056 2207 5145 valde
