4852 6186
766 521 1093 614 Myeetoidearum
1123 521 1295 592 evolutio.
1795 534 1847 612 93

333 757 487 846 Liceat
513 760 603 844 iam
632 785 685 842 ex
711 755 971 872 Fungorum
1000 754 1075 843 hic
1109 754 1409 844 iudicatorum
1437 785 1623 871 numero
1653 759 1846 853 Seloru-

221 908 283 1026 tii
309 907 438 996 illum
467 904 760 1013 simillimum,
796 909 859 992 in·
875 906 1140 1026 Agaricum
1175 937 1223 992 se
1252 907 1547 1017 evolventem,
1587 927 1631 998 et
1659 911 1848 1018 Stemu-

220 1060 348 1152 nitin
375 1059 585 1176 pluribus
606 1057 873 1148 describere:

361 1451 365 1460 '
494 1447 576 1620 ΙΙ.
635 1434 1018 1558 Sulerotium
1063 1389 1540 1596 Mycetosporu.

336 1722 424 1854 ,5⁰¹¹
460 1727 729 1844 gregarium,
781 1725 1034 1843 globosum,
1087 1755 1140 1810 cx
1176 1725 1323 1813 albido
1363 1725 1543 1813 demum
1578 1727 1846 1842 spadiceum,

221 1873 540 1988 hypostromati
575 1871 772 1962 floccoso
811 1875 1004 1964 candido
1041 1875 1254 1964 insidens.
1306 1875 1409 1964 Tab.
1431 1877 1485 1965 V.
1522 1875 1615 1995 rig.
1642 1889 1678 1972 1.
1710 1909 1755 1966 a.
1791 1867 1850 1944 -’

221 2019 356 2107 Fries.
387 2021 497 2136 Syst.
528 2023 689 2138 mycol.
726 2021 824 2110 Vol.
838 2021 890 2110 H.
918 2053 961 2140 p.
976 2025 1075 2118 253·

773 2325 1293 2440 Descriptio.

336 2573 392 2660 In
420 2559 696 2691 Rhiuopodio
734 2573 930 2663 floccoso
967 2575 1158 2664 candido
1195 2575 1305 2663 hinc
1343 2576 1449 2664 inde
1489 2576 1655 2693 globuli
1691 2577 1854 2664 minuti

227 2723 579 2836 conspiciuntur,
609 2754 635 2812 a
665 2721 815 2812 floccis
847 2725 1061 2813 contextis
1087 2723 1458 2814 adscendentibus
1481 2725 1640 2810 sublati
1664 2744 1707 2810 et
1729 2727 1854 2840 quasi

226 2870 429 2983 stipiteti,
474 2871 820 2986 subpyriformes
859 2873 971 2988 (rig.
992 2871 1074 2982 b.)·
1124 2869 1212 2956 hoc
1248 2872 1300 2956 in
1336 2889 1450 2957 statu
1486 2849 1690 2990 globulus
1728 2885 1853 2958 extus

227 3020 435 3134 intusque
465 3048 584 3108 mere
614 3019 831 3108 floccosus
862 3039 1060 3133 apparet,
1082 3020 1263 3133 ¹qualem
1290 3023 1454 3138 Figura
1484 3022 1529 3108 d.
1558 3039 1782 3114 monstrat.

209 3221 211 3226 ¹
341 3227 446 3324 Mox
481 3242 693 3326 increscit
725 3239 956 3357 iungillus,
1010 3235 1154 3324 flocci
1180 3233 1236 3321 ad
1272 3216 1550 3349 superficiem
1588 3213 1649 3321 in¹
1678 3209 1855 3324 corticis

228 3385 425 3499 speciem
455 3391 628 3492 coeunt,
659 3387 715 3473 ad
744 3387 871 3474 basin
892 3415 1069 3502 quoque
1093 3387 1282 3470 rariores
1306 3381 1498 3469 evadunt
1520 3401 1563 3468 et
1590 3359 1711 3470 color
1732 3384 1856 3471 albus

227 3534 278 3618 in
308 3529 618 3620 flavescentem
649 3533 754 3620 dein
783 3538 834 3622 in
865 3512 1023 3650 pallide
1056 3533 1231 3620 fuscum
1259 3533 1416 3618 transit
1446 3531 1639 3650 (rige).
1681 3530 1859 3651 Magni-

229 3680 335 3768 tudo
371 3682 654 3802 globulorum
690 3715 715 3770 a
750 3685 951 3802 {lineae
991 3683 1046 3770 ad
1074 3683 1217 3769 lineae
1249 3680 1459 3766 dimidiae
1490 3679 1750 3766 diametrum
1779 3713 1860 3770 va·

227 3833 324 3920 riat.
387 3833 508 3921 Dum
538 3829 781 3919 flavescunt
809 3833 950 3920 laeves
982 3851 1103 3938 sunt,
1148 3847 1284 3917 aetate
1314 3827 1524 3916 infuscati
1555 3851 1858 3950 corrogantur.

227 3979 356 4069 Intus
386 4009 560 4098 semper
589 3969 997 4068 albi'inveniuntur
1027 3998 1070 4066 et
1099 3977 1362 4067 structuram
1386 3977 1702 4068 Sclerotiorum
1733 4012 1860 4069 com-

227 4125 937 4242 ‘munemflfloceoso-cellulosam
967 4129 1217 4217 ostendunt.

227 4395 234 4412 ·
350 4345 583 4448 observ.
604 4345 638 4436 I.
684 4351 740 4438 A
769 4349 1004 4442 Sclerotio
1036 4349 1225 4439 Semina
1254 4345 1319 4450 Ρ.,
1356 4340 1479 4431 affini
1507 4347 1674 4457 specie,
1713 4335 1869 4462 bypw.

233 4513 439 4584 stromate
468 4493 665 4584 floccoso
695 4496 824 4584 facile
856 4495 1153 4615 distinguitur.
1217 4491 1503 4583 Sclerotium
1528 4493 1787 4610 pubescens
1816 4497 1861 4589 P.

229 4644 552 4764 magnitudine,
584 4644 730 4732 colore
759 4644 922 4761 pallido
955 4663 998 4732 et
1024 4643 1243 4758 imprimis
1273 4640 1373 4728 loco
1395 4639 1530 4729 natali
1558 4643 1628 4754 (in
1648 4642 1863 4760 Agarico-

235 4823 335 4884 rum
363 4794 566 4906 lamellis)
598 4824 623 4881 a
651 4813 803 4880 nostro
833 4793 1012 4882 recedit.
1085 4791 1321 4910 (Conferas
1358 4791 1477 4877 circa
1513 4789 1629 4878 hanc
1666 4797 1863 4906 speciem

237 4944 316 5030 cel.
346 4943 638 5052 Friesium‚
685 4947 764 5058 qui
797 4946 849 5029 in
885 4945 1029 5059 operis
1060 4972 1190 5057 supra
1218 4939 1382 5030 laudati
1408 4938 1636 5028 volumine
1666 4944 1863 5034 secundo

241 5096 396 5206 niis.
426 5111 470 5180 et
496 5095 625 5180 istam
642 5094 849 5205 ,speciem
877 5095 929 5181 in
957 5095 1169 5212 Agaricos
1199 5090 1408 5207 explicari
1438 5087 1632 5192 affirmat.
